2384 3759
595 352 648 408 156

206 497 323 548 uiuidior
340 493 368 546 in
386 492 476 548 vinnm
494 495 522 545 ei
538 503 619 556 onere
636 503 715 556 noum
733 503 827 546 suenus
844 492 938 544 dorum
959 492 986 544 in
1005 493 1043 546 in·

207 592 280 642 unm.
309 580 437 633 Similiter
448 579 477 630 in
488 579 565 632 uobis
583 579 647 642 ipsis
660 578 745 641 uanis,
765 589 841 642 quein
854 577 1044 630 manducamus

106 679 109 684 ’
207 666 325 730 qnotidie
342 678 392 730 per
408 669 529 718 numum
545 667 662 718 mniniur
684 664 711 716 in
729 675 848 727 onmem
880 676 943 728 ergo
962 666 1043 718 mulio

206 752 291 816 manis
317 753 402 805 virius
428 751 503 804 verbi
519 752 566 804 Dei
592 754 693 802 uiuioro
717 754 805 813 uoiesi
822 762 918 813 ponem
938 752 966 802 iu
984 751 1043 804 suii-

206 840 332 894 nuntium
349 840 466 902 comonis
483 839 542 892 sni..
563 840 629 890 iiem
647 837 730 902 graiis
742 837 854 888 hominis
867 841 954 888 mutui
966 848 1042 888 unnu

206 926 379 980 nudsuniinm
406 926 433 976 in
460 925 579 978 niteram.
617 925 718 986 Moyses
747 922 859 974 nouiovii
888 921 992 986 virgam
1017 923 1042 972 iu

206 1016 355 1075 sementem
374 1014 401 1064 ei
418 1022 511 1074 nouom
530 1009 557 1060 in
575 1009 740 1072 sangninem.
776 1009 910 1060 imbros:
932 1008 1006 1072 Quod
1022 1007 1043 1058 si

208 1100 311 1154 nutum
329 1098 413 1151 voluit
429 1095 578 1148 benedictio
597 1097 720 1158 humano,
750 1097 780 1146 ui
797 1096 917 1149 noiornin
936 1105 1044 1148 eonver-

207 1188 284 1247 iorei‚
311 1182 374 1247 qnid
392 1181 510 1232 dicemus
528 1181 562 1232 de
579 1181 637 1244 ipsa
655 1179 851 1234 consecratione
869 1181 971 1243 divino,
1001 1180 1043 1232 uisi

206 1270 266 1332 iosn
298 1267 378 1320 verno
408 1267 553 1318 solidioris
582 1269 741 1328 operantur?
777 1266 805 1318 si
835 1277 898 1328 orgo
929 1265 1040 1330 queens,
1111 1333 1112 1338 ἵ

206 1351 336 1417 quomodo
354 1354 449 1416 noiesi,
477 1352 547 1417 qnod
574 1352 651 1416 ponis
670 1355 718 1413 esi,
743 1351 799 1404 fieri
819 1363 912 1414 nonnus
932 1350 1043 1404 curisti?

207 1438 368 1501 respondeo:
388 1439 601 1499 eonseorniione3
621 1436 681 1501 quia
699 1435 729 1489 fli
747 1437 841 1489 cinisii
858 1449 988 1489 sermone.
1009 1463 1041 1472 —
1111 1467 1112 1470 =

209 1523 294 1578 Tertio
312 1509 437 1588 probatur
455 1524 524 1576 idem
542 1537 557 1576 n
576 1523 679 1587 majori,
700 1523 760 1588 quin
776 1523 882 1576 verbum
896 1522 942 1574 liei
963 1523 1045 1576 mulin
1111 1553 1112 1556 =

207 1611 273 1667 socii
298 1611 398 1675 mojona
424 1615 452 1664 ei
478 1612 683 1674 foecundent,
712 1623 788 1674 quain
816 1609 884 1670 ouod
903 1621 1000 1674 panem
1019 1611 1045 1662 in
1111 1635 1112 1642 κ

208 1709 302 1761 coruus
320 1697 415 1750 curisti
432 1700 524 1749 muiei.
561 1696 648 1748 Unde:
670 1697 696 1748 in
715 1695 842 1760 principio
861 1697 918 1748 erni
936 1695 1046 1748 vernum

206 1785 317 1849 iusque:
337 1785 425 1838 omnio
448 1783 599 1847 peripsum
617 1783 687 1836 racio
705 1784 800 1844 suni).
839 1781 976 1834 Andros:
1011 1782 1046 1832 iio

208 1871 289 1922 ioiius
307 1871 399 1922 mundi
416 1869 538 1935 operibus
557 1869 663 1932 iegitur,
684 1869 752 1932 quod
772 1869 828 1931 inse
845 1867 914 1919 dixit
931 1871 959 1918 ei
978 1867 1046 1920 india

209 1960 278 2008 suni.
315 1958 407 2010 sermo
430 1967 501 2018 ergo,
528 1954 574 2018 qui
592 1959 678 2018 poiesi
696 1955 783 2006 insere
802 1967 836 2006 ex
853 1953 947 2016 nihilo,
977 1953 1046 2016 quod

208 2053 263 2094 nou
281 2045 348 2104 erni,
367 2055 422 2096 non
434 2045 522 2106 potest
539 2052 581 2101 eo,
594 2052 662 2104 quae
674 2044 744 2104 suni,
765 2045 867 2092 mutare
879 2040 906 2090 in
920 2039 956 2102 id,
977 2039 1047 2103 qnod

207 2139 265 2180 non
278 2129 351 2180 erni?
378 2129 435 2182 Non
454 2128 523 2180 euim
536 2128 626 2178 minus·
636 2131 684 2189 esi,
699 2126 760 2180 dare
772 2126 850 2178 rebus
868 2137 950 2177 novas
969 2135 1046 2189 quam

208 2213 312 2264 inuinre
331 2215 447 2276 uniones,
467 2216 494 2265 ei
510 2212 549 2264 sio
567 2211 637 2274 quod
656 2216 712 2264 erni
729 2212 805 2274 nonis
830 2213 890 2262 onie
908 2222 1047 2264 oonseorn·

210 2297 316 2360 tionem,
345 2297 401 2360 inm
418 2309 512 2360 eorpus
529 2298 625 2350 consu
653 2297 751 2350 inuium
775 2299 815 2348 esi
832 2299 892 2358 nost
909 2307 1047 2348 conseera-

208 2383 322 2445 iionem,
343 2383 405 2448 quio
422 2396 508 2436 sermo
526 2388 610 2436 nunt
627 2387 781 2438 euenturum.
820 2384 883 2436 Cum
902 2393 965 2445 ergo
983 2383 1047 2434 inn-

210 2468 316 2521 iionniis
343 2472 463 2525 oreuinrn
489 2472 517 2521 ei
546 2469 691 2522 inanimato
719 2480 756 2519 so.
786 2466 861 2530 ponis
885 2470 1003 2520 muiuiur
1021 2467 1047 2520 in

210 2552 316 2614 meiius,
330 2553 357 2605 in
370 2555 568 2617 eorpuschrisii
588 2554 684 2608 virtute
696 2549 770 2606 verbi
788 2554 842 2618 liei,
861 2551 960 2606 mirum
979 2554 1047 2619 quod

211 2640 336 2703 peeooior
363 2641 439 2690 nonio
466 2652 515 2692 neo
532 2641 622 2694 multis
643 2641 729 2694 veniis
755 2652 803 2693 neo
821 2640 967 2703 beneflciis,
999 2653 1047 2693 neo

211 2723 412 2777 comminutione
440 2737 489 2776 neo
519 2727 690 2789 promissione
720 2725 837 2780 converti
857 2731 944 2790 poiesi
961 2754 995 2763 -
1015 2727 1046 2779 de

213 2811 281 2864 niolo
300 2812 354 2864 vitu
372 2810 399 2862 in
418 2809 521 2863 bonum.

550 3001 705 3012 —n—-a
