2384 3759
621 355 658 411 et

223 501 271 553 iel
287 511 347 553 cun
364 497 507 563 respondet
516 510 564 561 nro
576 497 670 561 altero,
689 508 743 549 non
755 496 940 560 interrogatus.
966 496 1065 550 contu

224 586 294 639 illud
311 589 364 639 est:
384 585 552 647 Adolescens,
570 584 679 647 loquere
696 583 724 635 io
742 586 789 635 tua
805 594 884 635 causa
908 582 975 645 rix,
1004 594 1064 635 corn

225 684 334 725 necesse
351 672 440 725 tuerit
461 668 559 734 (decli.
577 666 623 734 32,
644 666 703 729 10.)

294 755 321 809 b.
338 760 526 821 Argumentum
539 756 623 809 falsae
635 753 821 816 taciturnitatis
833 757 881 818 est,
901 758 992 807 tacere
1012 767 1064 807 non

225 846 333 910 propter
348 844 489 917 danum
513 842 560 894 sed
582 852 616 893 ne
635 841 667 894 ab
685 838 852 893 audientibus
869 840 1062 893 contundatur:

226 932 271 985 rel
287 933 318 983 ot
334 932 443 994 propter
458 926 663 980 taciturnitatem
687 926 820 979 laudetur:
848 926 892 979 vel
914 938 976 978 eum
1005 940 1065 979 nes·

138 1046 144 1055 ·
225 1017 299 1071 ciens
319 1016 390 1080 looui
408 1014 631 1078 intelligibiliter,
659 1014 702 1066 rel
720 1012 839 1076 utiliter,
864 1012 916 1065 iuri
934 1024 1063 1065 uerecun-

226 1103 317 1155 datur:
336 1102 379 1153 rel
396 1104 428 1153 ut
444 1112 493 1163 ner
501 1100 636 1152 silentium
649 1110 697 1151 soa
709 1098 820 1152 stultitia
832 1098 968 1161 pallietur,
984 1098 1064 1161 iuxta

225 1186 308 1239 illud:
328 1186 430 1237 Stultus
447 1185 470 1237 si
488 1185 611 1247 tacuerit,
635 1184 739 1247 subiens
757 1184 929 1248 reputabitur.
964 1184 1062 1245 (Pron.
1115 1230 1116 1233 ,

227 1267 271 1334 li,
289 1266 350 1330 28.)

475 1620 631 1714 CAPUT
653 1600 809 1690 xxxii.

453 1779 513 1835 ile
542 1750 830 1836 solitudine.

298 1952 323 2007 1.
342 1956 463 2010 solitudo
483 1968 545 2009 vera
562 1960 612 2020 est,
631 1956 782 2009 abstrahere
802 1941 919 2009 'menum
942 1968 958 2008 a
976 1956 1065 2008 solici-

228 2041 319 2097 tudine
338 2045 365 2093 et
382 2042 554 2104 occupatione
572 2042 705 2094 actionum
723 2028 900 2105 anteriorum,
928 2042 963 2094 ab
993 2044 1064 2095 omni

229 2125 403 2179 delectatione
415 2130 609 2180 creaturarum:
630 2139 720 2181 omnes
733 2128 893 2192 electiones,
912 2129 1065 2181 voluntates
1115 2114 1116 2147 ³

228 2215 257 2264 et
273 2211 431 2265 intentiones
449 2213 619 2277 unanimiter,
638 2214 665 2265 ln
683 2216 810 2277 quantum
827 2216 928 2278 potest,
949 2214 1065 2278 dirigere

228 2297 257 2349 in
274 2297 377 2362 beum,
404 2302 434 2352 ut
453 2299 500 2353 ilat
525 2312 594 2353 unus
611 2300 719 2364 spiritus
736 2310 797 2353 cum
814 2312 855 2353 eo.
892 2300 931 2353 Ad
950 2300 1003 2352 boc
1021 2300 1066 2351 ad·

228 2384 348 2436 bortatur
382 2385 463 2438 isaias
493 2386 627 2440 dioendot·
661 2384 800 2451 ingredere
830 2386 857 2438 iu
886 2386 1009 2450 petram,
1042 2390 1068 2439 et

228 2468 389 2521 abscondere
405 2469 434 2523 iu
451 2470 522 2525 losse
538 2472 628 2524 bomo.
647 2471 727 2536 (Ioui.
748 2468 774 2536 l,
794 2468 851 2537 10.)
877 2472 1024 2536 ingredere
1042 2475 1068 2525 ia

227 2558 344 2618 neuen,
368 2556 471 2609 idest:
494 2557 523 2611 in
539 2557 832 2613 diuinitatemUbrlstl:
858 2558 1025 2611 abscondere
1042 2560 1068 2611 in

227 2638 299 2693 losse
316 2640 405 2704 dumo,
424 2640 512 2697 idest
532 2644 560 2695 ln
583 2643 739 2699 vulneribus
755 2644 859 2698 cbristi.
897 2644 945 2709 dui
972 2646 1003 2698 in
1022 2648 1068 2698 baa

228 2727 304 2788 nette
322 2728 382 2790 est,
410 2727 484 2780 solus
501 2730 555 2780 est:
583 2730 629 2794 oui
647 2732 721 2786 entra
739 2732 807 2784 banc
824 2735 927 2795 petram
952 2738 1014 2795 est,
1042 2733 1067 2785 in

227 2809 398 2865 multitudiue
415 2815 465 2865 est.
501 2814 531 2866 in
548 2815 598 2867 bac
614 2816 755 2868 solitudine
773 2816 870 2870 mentis
887 2822 963 2871 tanta
982 2820 1067 2883 gratia

229 2901 256 2949 et
273 2891 433 2951 illuminatio
450 2898 547 2951 mentis
564 2900 719 2966 percipitur,
740 2905 772 2955 ut
787 2902 936 2967 percipiens
954 2905 992 2957 sit
1010 2918 1068 2971 gra·
1115 2904 1116 2975 ζ

228 2980 269 3036 vis
286 2980 347 3035 aliis
364 2981 398 3034 ad
417 2982 567 3039 ridendum.
605 2985 679 3041 Sicut
695 2990 796 3052 llorses
816 2989 889 3043 solus
910 3000 1027 3045 manens
1043 2992 1069 3044 in

228 3071 317 3121 monte
334 3081 394 3121 curn
411 3068 464 3123 ileo
481 3070 660 3136 octuaginta.
670 3073 762 3127 diebus
779 3078 807 3129 et
823 3075 945 3129 noctibus
964 3081 1068 3133 mutum

229 3150 393 3207 illuminatus
410 3154 479 3221 luit,
509 3161 538 3209 ut
564 3158 612 3210 lux
638 3157 666 3209 in
691 3160 767 3213 uultu
785 3166 953 3228 erumperet,
986 3168 1016 3217 et
1038 3165 1068 3216 de
1115 3206 1116 3213 ,
