2384 3759
616 355 668 410 151

225 501 338 566 spectent
356 500 438 552 babet
454 498 625 562 corporalem,
655 495 723 562 quot
751 493 916 558 intelligitur,
945 491 1059 544 mann

225 587 307 640 babet
323 585 496 648 spiritualem.
529 583 559 634 ln
576 581 665 646 specie
683 580 752 632 enirn
770 579 845 644 panis
863 577 964 631 etvini
983 587 1060 642 qnam
1117 599 1118 602 ¹

225 672 355 734 nocuas,
381 681 425 722 res
454 669 600 722 invisibiles
618 677 723 720 caruem
741 663 836 719 coristi
858 669 885 717 ct
901 663 1059 728 sanguinem

226 759 393 812 honoramus.

297 844 382 897 lertio
399 841 526 907 probator
542 841 612 893 iocnn
625 838 847 892 demonstratione
858 837 1059 888 miraculorum:

227 932 307 996 Signa
325 931 430 993 taciem,
459 941 526 992 onae
552 937 685 991 nunqnam
713 929 774 978 snut
791 925 847 977 visa
864 935 945 986 super
963 926 1060 976 terram

226 1029 277 1068 uec
288 1015 316 1066 in
327 1017 392 1068 ullis
404 1013 532 1080 gentibus.
548 1011 615 1076 (En.
630 1009 673 1075 34,
688 1008 749 1071 10.)
778 1009 949 1063 Paschasius:
970 1010 1058 1070 lterno,

227 1101 272 1168 qui
290 1105 439 1154 sanctorum
457 1101 526 1152 ritas
542 1104 570 1152 et
590 1100 711 1163 exempla
736 1097 839 1162 legarit,
858 1097 974 1159 ignorat,
992 1094 1060 1160 quoi

227 1198 307 1248 saepe
337 1186 454 1248 corporis
480 1185 576 1236 Christi
604 1187 630 1236 et
659 1185 793 1250 sanguinis
819 1185 990 1237 Sacramenta
1018 1181 1062 1234 aut

227 1278 334 1334 propter
351 1269 443 1322 dubios
461 1273 508 1322 aut
524 1276 595 1324 certe
608 1267 716 1336 propter
733 1272 868 1326 ardentius
886 1271 1007 1323 amantes
1025 1266 1062 1321 ri·

227 1355 301 1409 sibili
318 1355 407 1418 specie
426 1356 452 1408 in
471 1358 531 1421 agni
550 1359 593 1410 vel
613 1359 687 1422 pueri
715 1359 799 1412 torma
821 1357 912 1414 autin
931 1355 1019 1408 carnis
1037 1355 1064 1406 et

228 1443 364 1506 sanguinis
381 1444 496 1496 colorem
515 1450 660 1499 monstrata
673 1447 734 1510 sint,
754 1449 785 1498 ut
802 1445 870 1509 quod
885 1433 992 1496 latebat
1009 1453 1063 1504 rnr-

218 1529 318 1590 sterio,
346 1532 496 1591 patesceret
521 1532 548 1583 ln
565 1531 699 1584 miraculo.
721 1533 853 1583 -Beato
876 1530 945 1580 eninr
964 1527 1064 1582 Basilio

228 1615 256 1666 in
274 1614 317 1667 ilie
333 1617 433 1668 Pascua
449 1616 571 1680 mysteria
590 1618 735 1671 celebranti
762 1619 890 1670 nebraens
908 1614 1018 1680 puidam
1036 1624 1065 1664 se

228 1702 297 1754 alcut
314 1703 471 1755 christianus
489 1705 587 1766 populo
605 1702 775 1766 commiscuit,
803 1702 883 1754 otticii
905 1701 1001 1753 volens
1020 1712 1065 1751 er·

228 1791 331 1854 plorare
347 1791 507 1852 mysterium,
526 1789 571 1852 nni
588 1789 655 1842 vidit
672 1789 800 1840 infantem
822 1786 915 1852 partiri
934 1786 964 1838 in
981 1787 1066 1838 mani·

228 1877 278 1929 bus
294 1878 384 1928 Basilii
402 1880 428 1927 et
444 1875 696 1929 communicantibus
715 1873 849 1936 omnibns,
870 1872 944 1924 venit
962 1871 1023 1936 ipse
1040 1873 1066 1922 el

229 1961 290 2014 dato
308 1961 333 2014 ei
352 1962 438 2013 nostia
449 1973 512 2014 vere
524 1973 585 2012 caro
604 1965 644 2013 est
662 1961 739 2012 lacta.
772 1961 803 2011 lit
814 1971 923 2011 servans
937 1957 1066 2020 reliquias

230 2048 297 2100 abitt
314 2048 342 2099 tu
361 2048 466 2099 tomum
484 2059 557 2098 suam
570 2047 718 2109 ,ostendens
733 2046 810 2098 uxori
827 2057 890 2096 suae
903 2047 931 2096 et
942 2053 1064 2104 narrans,

230 2145 298 2196 noae
315 2133 428 2195 propriis
445 2132 529 2184 oculis
547 2133 658 2186 viderat.
698 2133 812 2186 credens
839 2141 901 2194 ergo
920 2130 972 2182 ait:
1001 2129 1066 2180 Vere

230 2217 356 2270 horribile
374 2221 402 2270 et
413 2219 569 2271 admirabile
586 2222 626 2271 est
638 2218 839 2271 christianorum
853 2219 1062 2270 sacramentum.

231 2306 261 2357 ln
288 2303 401 2355 crastino
428 2304 502 2356 venit
526 2306 559 2356 acl
576 2299 700 2357 basilium
729 2307 756 2356 et
781 2302 929 2366 baptizatus
949 2305 990 2354 est
1009 2313 1067 2354 cum

231 2390 303 2442 omni
321 2389 397 2440 domo
416 2401 472 2442 sua.
490 2417 524 2427 -
543 2391 628 2444 lolem:
657 2391 765 2454 Quidam
789 2391 925 2454 presbyter
943 2391 1003 2441 erat
1020 2391 1066 2440 Ae·

231 2475 319 2539 piolus
330 2476 446 2538 nomine,
460 2478 600 2541 religiosus
612 2477 697 2539 valde,
709 2477 752 2540 qni
765 2489 822 2528 cunr
834 2479 951 2528 sanctam
961 2474 1068 2526 incerat

236 2560 333 2621 tritam,
361 2557 448 2622 coepit
464 2561 515 2624 plis
532 2563 654 2625 precibus
671 2563 776 2626 pulsare
793 2563 883 2622 beorn,
903 2565 933 2614 ut
951 2561 976 2613 el
995 2573 1067 2614 mon·

233 2648 330 2698 straret
356 2648 476 2696 naturam
503 2649 620 2711 corporis
650 2651 676 2700 et
693 2648 828 2711 sanguinis
845 2648 956 2700 Domini.
993 2647 1069 2700 Venit

233 2741 295 2792 crgo
316 2729 381 2790 dies,
400 2732 431 2779 nt
448 2730 516 2780 idern
530 2743 601 2785 more
614 2733 789 2786 solitorlivlna
802 2733 948 2785 celebraret
966 2737 993 2785 et
1011 2737 1069 2796 post

232 2822 320 2880 nonna
332 2817 378 2868 bei
397 2818 570 2877 procumbens
588 2819 712 2882 genibus:
734 2819 848 2881 Creator,
868 2817 963 2883 inquit,
982 2822 1012 2870 et
1029 2829 1068 2870 re-

232 2903 361 2965 demptor,
382 2899 548 2960 omnipotens
566 2903 634 2955 bens
664 2905 749 2968 pande
776 2905 840 2956 mibi
859 2905 955 2970 exigno
973 2905 1002 2956 ln
1022 2907 1068 2956 troc

233 2987 355 3050 mysterio
373 2988 494 3036 naturam
512 2989 631 3050 corporis
650 2989 754 3051 cbristi,
782 2991 812 3042 ut
830 2989 893 3042 milti
912 2989 993 3041 liceat
1012 2997 1067 3040 eam

232 3070 381 3135 prospicere
400 3070 427 3120 in
440 3070 524 3121 torma
536 3073 620 3135 pueri,
640 3085 717 3136 ouem
736 3076 798 3128 olim
812 3076 886 3128 sinus
898 3075 991 3128 matris
1010 3074 1069 3126 tulit

233 3156 392 3218 vagientem.
435 3155 468 3205 lit
484 3167 546 3206 ecce
564 3159 674 3220 angelus
693 3159 726 3210 (lc
744 3162 817 3213 coelo
836 3161 946 3214 veniens
963 3159 1065 3212 allator¹
