2384 3759
606 325 658 382 168

216 473 298 534 lep:
316 467 374 522 lion
390 467 590 530 possuntsimul
607 478 664 520 esse
680 464 799 520 membra
810 465 906 520 enred
923 469 952 522 et
971 480 1055 522 mem·
1106 505 1107 510 η

217 556 264 611 ora
281 554 435 608 meretricis.
472 553 526 604 llec
551 550 655 604 dicendi
685 554 747 603 sunt
771 551 932 605 munducare
958 563 1056 617 corpus

217 639 313 694 dhrim
328 651 364 692 sc.
381 637 555 702 spiritualiter
573 637 623 690 etsi
640 636 800 690 manducent
815 638 1054 693 sacramentaliter.

216 725 269 780 Sed
279 736 333 778 non
343 723 526 778 manducando
537 721 710 786 spiritualiter
727 734 822 786 corpus
835 723 930 776 curisti
943 727 973 777 et
984 725 1054 778 mule

216 811 330 864 vivendo
349 810 446 862 tollunt
464 808 560 861 curisti
574 807 694 860 membre
712 810 739 860 et
756 808 858 862 lacluut
884 822 917 863 ea
934 811 1055 864 membra

217 895 318 950 diaboli
344 896 435 948 etsie
463 894 615 948 diminuunt
641 897 766 958 quantum
792 895 820 947 in
846 907 875 948 se
899 899 941 948 est
960 909 1053 961 corpus

218 982 322 1036 clenti.
364 981 435 1044 Quod
463 980 534 1034 enim
560 980 666 1034 diabolo
692 980 720 1032 in
751 980 887 1034 animabus
917 983 1053 1046 accrescit,

218 1069 320 1124 christo
337 1067 474 1122 decrescit
508 1067 540 1120 lit
564 1066 604 1118 sic
627 1076 721 1129 corpus
740 1064 835 1121 ceusu
857 1066 998 1133 mysticum
1017 1068 1055 1120 di·

218 1154 353 1209 minuitur.
691 1205 693 1210 .

287 1239 400 1292 Tertium
416 1235 539 1290 mirabile
556 1238 662 1302 signum
687 1237 716 1290 in
742 1239 910 1304 perceptione
928 1239 1055 1293 dominici

219 1325 336 1389 corporis
353 1326 403 1388 est,
431 1323 501 1388 quod
518 1324 580 1378 dum
597 1323 773 1378 munducatur
799 1324 965 1388 eruentus,
994 1329 1056 1378 lunc

220 1413 412 1474 tormentatur.
448 1410 496 1462 llic
512 1409 640 1474 probetur
657 1409 799 1476 dupliciter
815 1410 918 1464 rollone
937 1415 966 1464 et
983 1411 1055 1464 slmi-

219 1496 341 1550 litudlne.
929 1523 931 1526 -

289 1582 373 1636 Primo
391 1581 516 1646 probetur
533 1593 566 1635 ec
583 1582 698 1648 ratione,
718 1581 787 1647 quod
806 1583 867 1636 dum
879 1582 1057 1636 manducetur

221 1669 430 1734 commonenti,
450 1681 503 1722 nou
521 1669 609 1733 ipsum
626 1669 733 1737 utullus
753 1667 825 1722 cibus
844 1669 872 1721 in
890 1669 1055 1722 manducan·

220 1762 274 1812 tem
291 1756 460 1820 convertitur,
487 1756 536 1810 sed
558 1767 719 1810 econverso
742 1766 805 1808 vere
832 1755 996 1807 manducans
1027 1756 1054 1806 in

220 1843 288 1896 lllud
306 1843 479 1907 spiritualiter
503 1841 666 1896 convertitur
691 1844 719 1893 et
735 1843 860 1894 mutetur.
897 1840 964 1894 Nam
981 1853 1055 1894 man·

221 1929 361 1982 dumnlem
376 1941 417 1981 ·se
433 1926 558 1980 Dominus
583 1927 627 1980 sui
653 1928 769 1992 corporis
790 1925 892 1994 mystlei
909 1926 1055 1981 membrum

220 2015 285 2072 lacit
310 2022 338 2068 et
362 2013 492 2068 sinleum
510 2013 679 2076 incorporeus
707 2024 766 2066 cum
783 2025 831 2065 suo
849 2023 967 2077 corpore,
987 2012 1055 2079 quod

221 2100 254 2154 de
271 2102 375 2166 virgine
387 2101 489 2163 sumsit,
511 2099 701 2164 quodammodo
713 2111 794 2152 unum
807 2099 905 2152 elicit:
924 2099 975 2152 vos
994 2100 1055 2152 estis

221 2199 315 2250 corpus
333 2187 427 2240 curisti
446 2190 474 2240 et
490 2186 609 2240 membre
628 2187 661 2240 de
679 2181 1056 2251 memoro.(l.cor.2v,12.)

220 2276 299 2337 Aur:
320 2273 517 2327 commendavit
528 2272 645 2326 Christus
663 2273 691 2326 in
709 2275 761 2327 leoc
776 2275 941 2327 sacramento
961 2283 1055 2337 eorpus

222 2363 249 2412 et
265 2359 421 2423 sanguinem
437 2371 522 2423 suum,
551 2359 619 2424 quod
638 2362 665 2411 et
682 2359 747 2413 iecit
769 2372 817 2414 nos
834 2360 921 2424 ipscs;
950 2371 1013 2411 nam
1031 2361 1056 2410 et

221 2455 270 2496 uos
296 2443 348 2506 lpsi
373 2455 463 2498 sumus
481 2444 544 2498 racel
570 2457 666 2510 corpus
690 2445 754 2510 elus.
793 2447 858 2500 cero
877 2446 948 2498 enirn
967 2447 1056 2498 nostre

221 2527 296 2580 carni
313 2528 369 2592 ejus
386 2530 461 2583 unite
477 2533 505 2583 et
521 2532 779 2596 recuperationem
791 2543 850 2584 cum
867 2531 915 2584 illo
928 2530 1054 2584 eflicitur:

223 2614 411 2668 convertentur
427 2616 549 2670 sedentes
575 2619 604 2672 lu
630 2619 722 2672 umbro
749 2617 824 2682 elus,
853 2617 945 2672 vivent
972 2617 1057 2669 tritlco

222 2696 411 2764 (ove12,8.);
435 2703 511 2766 quusi
528 2703 640 2758 diceret:
666 2704 758 2758 lideles
775 2702 866 2758 vivent
891 2702 980 2755 tritico
999 2702 1017 2754 i.
1032 2713 1054 2754 e.

223 2786 347 2842 dominici
373 2789 489 2851 eorporis
506 2794 679 2845 sucremento.
717 2789 788 2854 Quod
805 2793 1002 2842 sacromentum
1020 2787 1057 2840 di·

222 2875 291 2928 citur
307 2873 399 2926 umbro
417 2874 530 2937 christi,
557 2878 620 2941 qnia
646 2877 692 2930 det
714 2888 743 2928 se
761 2875 798 2928 llvi
816 2887 868 2930 non
886 2876 914 2928 in
932 2887 981 2927 sue
999 2876 1057 2928 luce

222 2961 270 3014 sed
288 2961 316 3012 ln
334 2959 474 3013 velrmlne.
510 2960 584 3022 duod
611 2962 649 3015 sic
671 2963 837 3016 comedentes
859 2963 1055 3022 convertentur,

225 3046 287 3110 qula
303 3045 332 3098 ln
349 3055 442 3106 eorpus
461 3044 557 3096 cumali
573 3048 752 3100 mutabuntur.
790 3049 821 3102 lit
838 3049 877 3101 sie
893 3051 977 3111 petet,
998 3047 1057 3099 dum

224 3129 302 3182 multt
319 3126 436 3181 duellum
454 3129 593 3181 comedunt
610 3143 702 3196 eorpus
715 3135 811 3188 emisti
829 3138 856 3188 et
874 3134 901 3188 ln
920 3133 990 3188 illud
1009 3133 1056 3196 ipsl
