2384 3759
611 353 663 410 Μ

203 501 297 555 llrldls
314 499 387 553 eolor
404 499 536 564 inspectos
553 497 668 550 naarirne
691 497 717 549 in
735 496 823 549 herbis
842 498 870 548 et
888 497 960 550 loliis
978 509 1039 550 oeu-

204 590 244 641 los
261 585 378 640 turbatos
395 588 501 650 reparat
520 588 547 637 et
564 584 701 636 eonlortat.
733 583 805 636 llnde
823 595 870 649 per
887 583 1039 647 hujusmodl

199 675 268 729 tolla
285 674 412 726 tonorotn
439 671 519 726 veroa
538 669 730 735 signlucantur,
751 681 818 734 quae
837 665 927 720 tristes
947 671 974 720 et
992 670 1038 721 rni-

204 771 276 813 seros
302 759 481 812 consolantur.
519 752 623 817 lubili,
639 751 697 807 29.:
726 756 788 808 conr
818 754 938 806 sederem
965 756 1038 820 quast

204 857 260 906 rer,
281 855 354 897 eran
373 845 462 894 tarnen
479 840 650 893 rnoerentlunr
669 839 821 892 consolator.

273 929 359 984 lertio
377 942 411 982 err
428 927 558 994 sptrtnrnlt
576 930 640 992 potu
658 926 793 990 sanguinis
806 926 899 980 clrristi
919 928 1040 981 oriuntur
1108 965 1109 978 r

206 1018 233 1069 ln
250 1017 337 1069 anlrna
354 1015 429 1080 ouasl
447 1015 473 1067 in
491 1012 613 1078 paradiso
631 1011 676 1064 llol
695 1013 819 1065 tonorum
845 1026 954 1077 operunr
984 1015 1038 1067 iru-

205 1104 271 1155 etos.
308 1095 515 1164 lleoll.24‚42.:
543 1097 642 1161 ltlgalro
670 1099 772 1149 irortrrnr
798 1101 995 1163 plantationum
1014 1105 1039 1152 et

206 1187 340 1241 tnetnaoo
357 1187 425 1250 pratl
452 1187 504 1238 rnei
523 1185 646 1237 lruotonr.
683 1184 779 1248 ligato
797 1187 925 1252 sunguine
943 1187 1035 1239 curisti
1108 1177 1109 1242 l

206 1277 307 1326 lrortorn
325 1271 437 1336 animae,
457 1271 592 1323 laenriano
611 1270 697 1322 lurotu
715 1269 840 1324 bonorum
854 1283 962 1335 opernm
980 1283 1037 1324 eoe-

204 1358 265 1410 lestl
283 1356 422 1410 dulcedine
442 1356 460 1409 l.
481 1367 504 1408 e.
535 1355 635 1421 irrigati
653 1359 716 1420 potu
734 1357 869 1420 sanguinis
888 1359 983 1412 curisti
1001 1359 1036 1410 la·
1108 1347 1109 1364 ¹

204 1443 277 1495 olunt
302 1442 405 1494 dulcem
432 1442 545 1495 frueturn
565 1443 690 1496 donorum
710 1455 815 1506 operum
845 1444 878 1496 ad
897 1445 1037 1498 utilitatem

204 1529 334 1594 proximi,
362 1540 440 1595 qoem
467 1528 546 1583 etiarn
575 1529 625 1594 ipsi
652 1529 790 1582 eornedent
817 1530 843 1582 in
866 1531 1038 1584 retributione

204 1616 320 1671 coelesti.

453 1870 609 1940 CAPUT
634 1869 785 1936 XXXII.

313 2009 362 2066 lle
378 2009 497 2084 tripllol
515 2010 593 2082 potu
612 2009 778 2079 sanguinis
797 2006 927 2066 Christi.

274 2134 352 2188 Potus
368 2134 504 2200 sauguinis
522 2134 617 2188 curisti
635 2133 732 2200 triplex
749 2137 804 2187 est:
829 2135 1036 2197 sacramentalis,

206 2219 401 2286 intellectualis,
429 2220 582 2286 spiritualis.
620 2221 832 2285 sacramentalis,
860 2220 923 2284 uuio
942 2234 957 2273 a
975 2222 1039 2274 solis

206 2305 384 2360 saeerdotlnus
409 2308 521 2360 sumitur
538 2307 588 2360 sul]
605 2307 694 2372 speeie
717 2307 773 2360 uini
791 2307 823 2360 de
842 2307 942 2371 ealiee;
963 2308 1042 2361 intel·

206 2391 328 2445 leotoalls
347 2392 477 2457 apopulls
495 2393 644 2447 eurotianls
656 2393 774 2446 'sumitur
791 2393 840 2446 suo
858 2391 947 2456 specio
965 2393 1041 2456 panis

206 2475 239 2529 de
256 2478 314 2542 lpoo
331 2479 426 2533 curisti
452 2491 574 2545 eorpore3
603 2479 761 2544 spiritualis,
793 2479 838 2544 uui
860 2479 894 2531 alr
919 2479 1041 2532 omnious

206 2563 339 2617 salvandls
355 2565 468 2619 sumitur
491 2566 525 2619 de
541 2565 663 2630 passione
682 2565 775 2619 clrrlsti
794 2567 838 2630 pia
856 2565 1038 2620 meditatione.

205 2646 291 2702 Primo
316 2647 395 2701 modo
421 2652 540 2714 sumptus
566 2655 674 2715 peecata
693 2651 844 2715 ouotldlana
862 2653 980 2714 relaxat,
1000 2667 1039 2706 se·

205 2733 291 2788 cundo
318 2735 395 2794 ruodo
421 2733 525 2788 ltdelern
553 2739 669 2790 ruentem
688 2735 828 2790 dulcedine
851 2748 899 2788 sua
916 2737 1039 2798 delectat,

205 2822 283 2874 tertio
300 2822 377 2875 nrodo
394 2825 477 2875 totaur
494 2824 609 2875 anirnarn
628 2823 762 2888 irrigando
782 2823 931 2877 loeeondat.

274 2907 375 2960 Prinos
392 2910 470 2972 potos
486 2909 622 2971 sanguinis
642 2909 737 2962 coristi
766 2914 807 2962 est
831 2910 1041 2973 sacramentalis,

206 2989 267 3055 qula
293 3004 310 3044 a
334 2992 398 3044 solis
425 2993 606 3046 sacerdotibus
626 2996 745 3049 sumitur
774 2997 807 3050 de
835 2997 917 3050 ealiee
935 2997 1040 3050 altoris.

205 3077 258 3126 late
282 3080 359 3139 potus
388 3075 469 3141 digne
494 3081 614 3141 sumptus
639 3085 746 3142 peceato
765 3082 918 3148 quotidiana
936 3085 1043 3137 relaxat

206 3161 233 3210 et
249 3159 299 3213 troo
315 3161 413 3225 triplici
430 3162 548 3216 ratione:
566 3162 628 3227 qula
647 3164 697 3218 tria
715 3167 785 3220 mala
803 3170 866 3220 suut
883 3168 911 3221 iu
930 3175 1041 3233 peceato
