2384 3759
584 347 638 406 218

197 492 317 546 illenim
335 494 458 545 ornatum
474 494 502 544 et
518 490 707 554 perlectionem
725 489 840 544 convivii
859 492 901 543 sui
920 495 948 544 et
960 502 1035 544 men·

196 591 242 632 sac
260 578 460 639 demonstraret,
480 576 530 629 sut
547 575 636 640 specie
647 576 724 640 panis
743 579 770 628 et
786 575 841 628 vini
854 578 933 630 simul
945 589 1034 631 sacra·

196 666 315 718 mentum
333 665 426 717 altaris
442 661 617 716 administrat

265 752 302 804 lle
329 750 445 804 secundo
461 745 633 811 es.1oo‚u.:
662 749 699 802 Tu
717 760 745 800 es
762 747 883 802 sacerdos
900 749 929 800 in
948 753 1035 803 aeler-

197 849 274 891 num-
287 837 432 889 secundnm
450 834 567 890 ordinem
584 833 789 896 Melchisedech,
819 836 863 899 qui
880 847 917 888 sc.
938 836 1035 890 obtulit

197 935 293 989 panem
312 929 340 977 et
357 923 474 977 uinum·
496 923 528 974 ln
544 931 613 984 pane
630 921 780 984 significans
799 921 912 974 loturam
931 927 1035 976 nostro·

196 1022 255 1064 rom
267 1021 406 1076 corporum
417 1007 635 1073 redemptionem,
650 1009 677 1060 in
689 1008 749 1062 vino
762 1008 915 1062 animarum.
943 1009 1034 1062 osten-

197 1097 269 1151 ditur
285 1109 363 1161 ergo:
383 1097 511 1150 christum
529 1106 623 1160 corpus
642 1097 668 1148 et
686 1097 799 1148 animam
817 1095 990 1160 assumpsisse
1008 1099 1036 1148 et

198 1187 279 1237 tolon
298 1183 377 1234 dmnl
395 1181 547 1234 redemisse.
584 1182 662 1234 Panis
688 1181 756 1234 enlm
776 1183 808 1234 od
827 1193 934 1234 earnem
951 1182 1034 1234 reler-

197 1270 242 1321 tnr
268 1278 345 1332 qnam
362 1279 398 1318 sc.
419 1266 511 1328 nutrit,
539 1265 631 1318 viuum
651 1267 684 1320 ad
702 1267 829 1331 animam,
860 1268 923 1332 quia
942 1269 1034 1320 vinum

197 1353 351 1416 sanguinem
364 1355 495 1416 operatur,
514 1352 541 1404 in
560 1364 611 1418 ouo
623 1353 698 1406 sedes
716 1357 757 1406 est
772 1355 876 1406 animae
888 1353 1033 1406 secundum

197 1439 327 1505 physicos.
363 1439 436 1492 llnde
453 1440 476 1491 si
494 1439 543 1492 snb
561 1439 671 1492 alterius
689 1441 777 1504 specie
796 1444 898 1494 tantum
917 1452 1034 1494 sumere·

196 1531 249 1590 tur,
269 1525 301 1578 ad
320 1525 429 1579 alteriin
446 1529 549 1579 tantm
566 1527 585 1578 i.
606 1538 629 1578 e.
649 1527 826 1590 corporisve}
847 1527 961 1590 animae,
982 1539 1034 1578 non

199 1613 233 1666 ad
250 1613 387 1678 utriusque
404 1614 502 1676 pariter
520 1611 700 1666 liberationem
727 1614 816 1666 valere
833 1612 1034 1676 significaretur.

266 1700 303 1752 lle
328 1699 406 1752 tertio
423 1700 444 1752 l.
465 1698 498 1752 ad
511 1700 569 1751 cor.
591 1694 634 1760 11,
654 1695 714 1750 ld:
746 1699 792 1750 llic
816 1704 856 1752 est
877 1699 949 1752 calix
973 1699 1035 1752 nori

196 1787 348 1839 testamenii
365 1785 393 1837 in
410 1797 470 1838 meo
487 1785 630 1849 sangnine;
660 1786 711 1838 hoc
728 1784 808 1836 tacite
826 1785 1034 1851 quotiescunque

197 1871 300 1925 sumitis
328 1871 357 1924 in
383 1883 470 1924 meam
495 1869 770 1924 commemorationem
794 1871 811 1923 i.
832 1883 856 1923 e.
876 1871 1035 1933 sangninem

196 1968 285 2010 meum
302 1957 398 2012 bilonis
415 1957 444 2010 in
455 1957 607 2011 memoriam
625 1967 700 2010 meae
713 1955 851 2020 passionis.
879 1957 1035 2021 Expressina

197 2045 269 2096 enirn
286 2044 382 2098 curisti
398 2045 486 2109 passio
512 2043 718 2097 admemoriam
748 2043 881 2096 reducitur
904 2053 954 2108 per
973 2055 1036 2097 con·

197 2129 385 2183 siderationem
410 2130 545 2194 sanguinis
562 2141 641 2194 quam
660 2131 783 2194 corporis.
818 2129 900 2182 Erod.
916 2126 959 2192 12,
975 2126 1034 2182 13.:

196 2217 252 2269 Erit
283 2217 390 2280 sanguis
416 2217 491 2269 vonis
518 2218 545 2269 in
571 2217 675 2279 signum
702 2215 730 2268 in
748 2215 866 2279 aedibus,
894 2215 922 2268 in
941 2215 1036 2279 quinus

198 2302 281 2356 eritis.
317 2303 391 2356 Sicut
419 2302 490 2356 enim
517 2315 601 2367 agnus
628 2303 684 2354 sine
708 2303 812 2354 nacula
830 2301 930 2354 occisus
948 2305 991 2354 est
1008 2303 1036 2354 in

200 2389 384 2443 litterationem
396 2390 477 2442 lsrael
495 2391 527 2442 de
540 2392 666 2453 Aegypto,
685 2387 723 2440 sic
741 2388 849 2450 sanguis
861 2388 957 2440 curisti
976 2399 1036 2452 pro·

199 2475 286 2538 prium
298 2478 331 2526 et
347 2486 500 2538 expressum
518 2476 669 2529 memoriale
688 2477 727 2528 est
744 2475 874 2538 passionis
892 2475 975 2526 iliius.

269 2560 388 2612 secundo
406 2563 549 2624 quaeritur,
569 2573 649 2626 qnare
667 2563 779 2626 populus
797 2573 848 2614 nou
861 2561 957 2625 accipit
975 2571 1037 2614 san·

199 2647 304 2711 guinem
331 2645 381 2698 sub
399 2649 488 2710 specie
506 2648 562 2701 vini
590 2649 660 2702 sicul
677 2648 812 2710 sacerdos3
844 2648 919 2711 liuius
938 2648 1038 2711 triplex

202 2737 243 2787 en
260 2733 336 2786 ratio.
753 2767 755 2772 ,
844 2773 846 2776 .

205 2851 207 2854 >
267 2820 355 2874 Prima
373 2819 463 2872 estad
482 2821 631 2874 nabendum
650 2834 696 2875 ras
714 2831 857 2884 congruum
880 2821 958 2884 liujus
976 2833 1038 2873 sau·

199 2907 287 2969 guinis
305 2906 495 2958 contentivam.
532 2906 606 2960 sicut
625 2909 695 2959 enim
722 2908 812 2960 vinum
830 2919 876 2961 uas
894 2907 1038 2971 specialius

200 2995 228 3042 et
244 2991 398 3055 diligentins
409 2995 602 3054 praeparatum,
622 2993 649 3044 in
663 3005 713 3057 prro
724 2998 844 3048 serretur
855 2993 940 3058 exigit
957 3005 1038 3058 quarn

200 3077 294 3138 panis:
323 3078 363 3129 sic
389 3078 438 3128 sno
462 3077 551 3140 specie
569 3078 623 3129 vini
643 3081 749 3143 sanguis
767 3081 862 3133 curisti
880 3080 1038 3132 sumendum

201 3161 287 3211 solnrn
314 3162 493 3214 sacerdotibus
519 3162 673 3215 conceditur
696 3169 819 3230 nuquam
846 3166 916 3218 vasis
934 3165 1039 3218 Domini
