2384 3759
557 327 611 384 222

167 469 269 524 veniali
297 480 333 520 sc.
360 468 491 532 puccium
520 471 624 522 macuta
655 473 838 539 conscientiae,
874 477 1001 542 quaedam

167 567 253 620 pecua
281 552 404 606 tristitiae
430 558 457 607 et
483 555 612 620 quaedam
639 557 784 612 adversitas
802 563 916 618 oflensae
935 565 1000 619 divi·

166 654 228 694 nae,
267 642 362 694 contra
387 641 454 692 baec
472 642 522 693 tria
548 643 619 694 maia
636 644 740 707 proprie
759 647 831 699 vaiet
847 651 922 710 potus
940 663 999 704 sau·

166 727 256 792 guinis
275 726 380 790 Christi,
398 727 444 791 qui
462 731 605 792 corpores,
618 729 685 781 ienis
699 735 725 782 et
737 731 880 796 pretiosus;
899 735 1000 787 ratione

167 815 290 879 puritatis
307 814 390 877 iurat,
420 813 523 867 ratione
548 813 665 867 lenitatis
682 819 767 882 sanat,
786 816 887 870 rubeae
905 819 1000 881 pretiu-

166 900 254 954 sitatis
282 900 380 964 placat.
417 899 500 953 Levat
526 900 713 954 conscientiam
740 903 843 955 animae
869 905 999 958 maculam

167 987 339 1051 removenbm
374 990 452 1042 sanat
482 999 594 1050 poenam
627 988 748 1041 tristitiae
776 990 854 1043 corda
883 990 999 1046 fidetium

167 1073 337 1138 consolando,
356 1074 443 1137 placat
460 1073 586 1126 offensam
604 1073 708 1128 divinae
723 1074 842 1138 justitiae
860 1088 906 1141 pro
925 1077 1000 1130 uobis

168 1161 369 1224 interpellando.
407 1161 444 1212 be
470 1159 563 1224 primo,
594 1161 627 1212 art
654 1163 731 1214 Hebr.
755 1157 781 1227 9,
805 1158 862 1214 14.;
893 1163 1000 1228 sanguis

167 1247 263 1300 Cbristi
281 1245 434 1300 emundabit
451 1247 636 1301 conscientiam
650 1253 772 1302 vestram.
805 1241 997 1313 uen.49,1u.:

164 1334 318 1397 innectatis
344 1334 460 1398 gentium
479 1334 582 1388 lavabit
608 1335 635 1388 in
658 1335 785 1400 sanguiue
803 1348 871 1390 uvae
889 1335 1000 1400 pallium

165 1431 245 1471 sunm
271 1419 290 1470 i.
307 1432 330 1471 e.
350 1419 451 1471 animas
478 1424 588 1472 nostras.
624 1422 659 1473 be
683 1417 999 1484 secundozacb.10,i.:

165 1502 318 1558 Laetabitur
343 1517 387 1557 cor
413 1519 502 1560 eorum
529 1507 604 1572 quasi
632 1508 736 1560 ovino.
771 1509 864 1561 Vinum
883 1509 924 1560 est
940 1521 1000 1562 san·

166 1590 227 1656 guis
245 1602 313 1643 uvae
331 1594 359 1643 et
373 1591 502 1655 siguificat
519 1590 674 1654 sanguinem
694 1590 798 1654 christi,
826 1602 903 1654 quem
920 1592 999 1644 sumi-

169 1689 232 1731 mus
250 1677 277 1729 in
295 1678 381 1731 attari.
416 1681 467 1732 iste
485 1682 561 1743 potus
578 1689 623 1731 cor
642 1679 768 1731 bonorum
786 1675 920 1740 laetificat,
939 1677 1000 1743 quia

164 1763 324 1818 conferendo
349 1766 473 1819 solatium
500 1764 643 1830 spiritualis
671 1764 787 1818 laetitiae
814 1765 891 1816 sanat
915 1775 931 1815 a
954 1763 999 1816 tri·

163 1850 238 1903 stitia
264 1852 367 1914 culpae.
406 1853 446 1904 Ps.
459 1848 503 1914 22,
519 1851 557 1903 ic
577 1852 653 1905 calix
671 1862 744 1902 meus
762 1847 895 1904 inebrians
922 1859 999 1912 quam

164 1938 317 2001 praeclarus
334 1941 383 1991 est
418 1940 454 1990 be
472 1938 549 1990 tertio
567 1937 601 1990 ad
619 1931 828 2000 Hebr.12,14.:
847 1934 999 1988 incessistis

164 2023 344 2088 adsanguinis
356 2024 533 2088 aspersionem
545 2024 640 2076 meiius
658 2025 810 2088 loquentem
828 2019 997 2085 quamAbe13
1037 2067 1042 2075 .

164 2111 227 2176 uuio
244 2110 350 2176 sanguis
367 2111 432 2164 Abel
450 2111 548 2162 clamat
570 2110 712 2164 vindictam
730 2108 764 2161 act
782 2107 873 2170 Deum,
892 2107 998 2172 sanguis

162 2209 227 2252 veru
246 2198 341 2252 cbristi
359 2198 476 2264 postulat
494 2201 521 2250 et
538 2197 660 2260 impetrat
678 2192 875 2258 indulgentiam.

225 2285 374 2338 ‘sciendum
392 2284 460 2350 quod
479 2283 529 2335 tria
546 2294 645 2346 genera
673 2281 788 2346 graviter
805 2280 950 2342 arguuutur
968 2277 996 2332 iu

162 2370 310 2433 scripturis,
329 2381 396 2434 puae
414 2371 490 2422 uimis
508 2371 618 2433 peccant
643 2368 670 2420 iu
692 2366 820 2430 sanguiue
842 2363 994 2421 salvatoris.

163 2455 244 2512 Primi
269 2458 331 2509 sunt
357 2467 464 2518 corpore
494 2455 630 2518 immundi,
661 2455 706 2519 qui
731 2451 885 2516 sanguinem
902 2453 997 2508 christi

163 2544 193 2595 iu
211 2542 312 2605 maguis
330 2541 446 2606 peccatis
464 2540 571 2605 indigne
588 2543 707 2594 sumunt:
735 2539 844 2593 secundi
861 2541 939 2595 corde
957 2540 996 2594 in-

165 2627 261 2690 durati,
289 2630 333 2692 qui
351 2628 384 2680 ad
404 2628 527 2682 virtutem
544 2627 680 2692 sauguinis
699 2627 792 2682 Christi
815 2628 932 2683 converti
950 2641 995 2683 no·

163 2715 233 2775 tunt,
252 2715 322 2768 tertii
340 2719 519 2779 procuratores
535 2715 620 2781 pravi,
641 2717 685 2781 qui
702 2716 804 2770 lucrum
823 2716 996 2780 insanguine

164 2799 261 2856 cbristi
287 2802 321 2854 aci
348 2814 442 2866 pravos
468 2816 531 2856 usus
558 2806 721 2868 convertunt.
757 2805 793 2858 iic
817 2801 906 2868 primis
923 2803 943 2854 Ι.
962 2803 995 2856 ari

164 2889 221 2942 cor.
234 2886 277 2953 10,
291 2886 350 2942 20.;
380 2876 437 2944 iton
465 2892 573 2955 potestis
601 2892 689 2946 bibere
718 2891 827 2946 calicem
845 2889 946 2942 bomini
968 2891 996 2942 et

164 2976 273 3032 caticem
291 2957 495 3034 daemoniorum.
522 2979 596 3034 catix
613 2979 711 3034 diaboii
731 2981 770 3030 est
788 2975 891 3030 luxuria
909 2977 994 3028 caruis

164 3067 192 3116 ct
221 3066 321 3118 munbi.
356 3066 393 3120 Ab
420 3067 496 3122 Hebr.
519 3063 561 3132 10,
584 3065 641 3120 28.;
673 3065 783 3128 irritam,
812 3065 870 3129 quis
894 3062 994 3128 iaciens

164 3153 249 3216 legem
267 3155 357 3220 itopsi,
384 3155 442 3210 sinc
469 3155 523 3208 uita
544 3155 711 3210 miseratione
734 3150 839 3287 rtuoiIaus¹²
852 3152 894 3206 vel
913 3150 994 3206 tribus

803 3237 819 3291 b
