2384 3759
619 409 656 467 54

220 554 305 609 robis.
337 552 441 617 (uere.
458 548 503 617 11,
521 547 581 612 nt)
621 552 664 605 ut:
696 556 777 607 suren
794 553 853 607 otoo
870 554 966 618 yonis,
999 555 1059 619 quir

220 641 368 707 quicunqne
386 639 483 691 dixerit
500 637 563 693 truie
579 638 676 691 monti:
709 639 830 703 Tollere,
861 644 889 693 et
906 641 1014 695 mittere
1032 641 1059 693 in

219 738 302 789 mere,
322 729 350 777 et
366 734 420 779 non
436 724 611 779 urmimrerit
627 723 656 777 in
673 724 752 777 eorde
769 736 827 789 suo,
845 725 893 778 sed
903 726 1057 788 crediderit,

220 813 284 879 noir
300 812 474 878 quodeunque
491 810 599 874 uixerit,
617 810 671 872 tirt,
691 808 737 861 iet
754 809 790 861 ei,
809 808 913 873 (Marc.
935 807 981 873 11,
997 808 1059 869 23.)

220 898 294 953 Siout
309 901 413 951 montes
430 897 523 961 orsyii,
542 899 650 961 petente
667 895 834 960 Alexandro,
858 896 969 950 ernusti
986 902 1059 951 sunt

288 984 315 1037 3.
335 986 523 1048 Argumentum
550 994 629 1035 verse
647 972 710 1035 ndei
728 984 768 1035 est
785 982 909 1047 frequens
927 984 1060 1037 exereitu-

220 1072 258 1125 tio
276 1072 305 1123 in
322 1070 396 1122 bouis
413 1068 544 1132 oneribus.
576 1069 641 1122 Nem
668 1070 737 1121 siout
754 1080 848 1133 eorpus
865 1074 1000 1123 mortuum
1020 1073 1060 1124 est

219 1158 279 1211 sine
304 1155 412 1219 spiritu:
443 1154 482 1207 ite
508 1153 575 1208 ides
603 1155 660 1209 siue
678 1154 802 1219 oneribus
819 1158 922 1209 mortun
939 1162 999 1221 est,
1030 1160 1062 1209 ut

220 1241 286 1294 dicit
302 1238 423 1293 Jeoobus.
444 1236 481 1301 (2,
499 1235 554 1303 26.)

291 1323 318 1377 4.
336 1329 522 1389 immeritum
539 1326 625 1379 feisse
642 1323 704 1378 otei
723 1328 772 1389 est,
792 1336 844 1379 non
856 1325 963 1379 eredere
975 1327 1060 1392 sorio·
1109 1367 1110 1397 ,

221 1412 464 1477 tuneoeromntr3
481 1412 529 1465 sert
545 1415 648 1477 nutare,
666 1408 735 1477 quod
753 1404 841 1465 omnis
858 1410 923 1465 iant
941 1424 976 1465 ex
993 1412 1059 1478 teto,
1109 1422 1110 1429 ¹

221 1500 267 1553 rei
294 1510 372 1551 eursu
390 1501 518 1561 urturre,
547 1503 576 1551 et
592 1510 646 1551 non
663 1510 697 1551 ex
714 1498 761 1551 Dei
778 1497 954 1563 ororiuentte.
992 1500 1059 1552 ltern

222 1584 286 1637 utoit
303 1586 514 1646 chrysostomus:
533 1584 581 1637 ille
599 1583 681 1637 Deum
699 1596 757 1637 esse
774 1596 829 1637 nou
847 1584 942 1647 eredit,
964 1584 1011 1649 oui
1029 1596 1060 1637 en
1110 1619 1111 1639 r

223 1667 288 1735 (lieo
305 1670 456 1734 praesente)
473 1670 538 1723 iuoit
555 1670 667 1733 oeouite,
688 1681 756 1735 nure
774 1670 880 1733 nuhiioe
898 1670 1059 1733 (proesenti-

222 1758 272 1811 ous
289 1756 449 1816 nominibus)
466 1758 554 1810 ioeere
572 1756 741 1819 pertimescit.
779 1758 845 1810 Item
863 1756 1055 1821 Hieronymus:

223 1842 280 1897 iton
307 1848 427 1897 estsere
445 1843 621 1906 euristirnus,
650 1842 694 1907 oui
721 1852 774 1895 non
792 1842 873 1896 nudet
891 1841 919 1893 in
937 1853 969 1894 eo
986 1844 1059 1894 stntu
1111 1872 1112 1903 2

222 1931 297 1994 mori,
316 1929 344 1982 tu
362 1926 511 1993 ouo'rudet
528 1930 627 1982 vivere.
659 1927 730 1989 ileu,
749 1927 850 1979 nrultre
867 1927 976 1979 inerunt
993 1927 1058 1980 oiim

222 2016 362 2078 onerosos,
381 2015 415 2067 de
432 2013 526 2079 ouibus
543 2012 635 2067 sentit
652 2012 837 2076 Hieronymus:
869 2012 992 2066 Liberum
1021 2013 1059 2067 sir

221 2094 376 2155 eonfitemur
393 2101 540 2165 arbitrium,
558 2104 588 2152 ut
606 2098 733 2161 dicemus,
753 2110 802 2153 nos
815 2108 920 2164 semper
938 2099 1059 2163 indigere

222 2187 322 2240 auritio
339 2186 398 2239 liei:
426 2189 454 2239 et
477 2190 531 2239 tum
551 2185 612 2239 ilios
630 2196 735 2248 errore,
763 2186 809 2250 qui
826 2196 885 2238 enm
903 2185 1059 2239 Montenreo

222 2272 332 2335 dieunt,
362 2272 493 2325 nominem
520 2273 658 2336 yeoertum
685 2272 768 2325 vitore
786 2283 839 2325 non
857 2282 948 2337 posse:
978 2284 1057 2337 quem

222 2359 301 2421 iilos,
330 2356 374 2420 out
392 2369 451 2411 tum
468 2357 607 2411 toriniano
623 2362 763 2422 esserunt,
795 2358 927 2410 hominem
946 2369 1058 2421 peecare

222 2455 276 2497 non
294 2454 384 2507 nome:
412 2444 474 2508 outo
500 2447 610 2508 uterque
629 2444 697 2497 tollit
715 2444 796 2497 enimi
814 2443 974 2497 iibertrtem.
1007 2444 1058 2505 iios

222 2530 310 2581 eutem
328 2528 448 2593 dicimos,
467 2530 599 2583 nominem
618 2534 652 2586 et.
662 2540 766 2593 semper
783 2540 860 2593 nosse
878 2540 1003 2595 pererro,
1032 2533 1059 2582 et

222 2625 298 2678 nosse
316 2626 368 2669 non
386 2626 503 2679 petrone.
