2384 3759
537 391 572 446 73

131 536 240 598 umu'o,
260 534 366 586 alienae
388 534 458 586 vilae
476 539 503 587 ct
519 533 695 585 conscientiae
717 536 855 587 temeraria
873 534 975 587 uiscus·

86 674 91 683 ,
132 619 192 684 sio,
222 621 386 684 propriorum
404 619 553 671 delectatum
571 618 725 681 excusatio,
743 621 799 672 sive
824 621 973 684 minoratio,

131 706 289 760 defectuum
306 704 485 768 proximorum
503 706 682 757 manifestatio
701 707 744 757 val
762 707 924 769 aggravatio.

204 791 285 844 Aliud
313 794 495 853 argumentum
517 789 648 843 libertatis
666 793 706 843 est
728 791 857 842 securitas
876 794 974 844 mentis

131 879 167 931 tle
184 877 345 931 remissione
362 876 441 928 totius
460 876 553 939 culpae
572 881 599 929 ct
616 888 726 940 poenae,
746 887 814 940 quac
826 888 860 927 cr
872 876 975 929 lervorc

131 965 223 1020 coriis
241 963 372 1026 provenit,
391 962 436 1027 qni
453 962 608 1027 quandoque
626 965 725 1015 cremat
741 961 769 1013 in
791 962 882 1024 corde,
906 961 976 1013 sicut

133 1049 204 1113 ignis
223 1049 253 1099 in
271 1047 398 1109 fornace,
426 1051 454 1100 et
479 1047 610 1100 nominem
632 1052 693 1099 ante
712 1047 836 1111 trigidum
854 1054 881 1099 et
898 1046 975 1110 nalli-

134 1135 197 1187 tlum
227 1134 256 1185 in
283 1133 401 1185 oratione
419 1133 482 1187 iacit
496 1132 628 1185 callidum
646 1137 672 1185 ct
689 1133 785 1187 ruium.
821 1134 868 1196 oui
886 1132 977 1185 terror

130 1231 240 1273 omnem
259 1219 391 1273 maculam
409 1224 436 1271 et
453 1231 564 1283 poenam
581 1221 718 1284 consumit,
738 1220 807 1276 sicut
822 1220 891 1283 ignis
903 1217 975 1271 rull·

132 1308 227 1371 ginem
245 1305 310 1359 terri
328 1306 423 1357 exurit

203 1387 233 1443 5.
252 1392 441 1453 Argumentum
457 1390 592 1443 servitutis
605 1389 801 1453 cicantlvilatis
819 1390 908 1451 ualet,
928 1388 973 1454 qui

131 1478 226 1542 jugum
246 1474 414 1527 obedientiae
432 1470 591 1528 detestaturi
616 1476 661 1540 qui
683 1477 870 1529 correctionem
888 1477 973 1529 citari·

131 1563 246 1615 tatirm
266 1564 294 1611 et
310 1560 453 1632 iraternam
471 1560 651 1625 abominatum
674 1562 717 1625 qui
745 1562 887 1615 vindictam
905 1561 974 1623 inju-

132 1649 233 1701 riarum
251 1656 359 1697 suarum
377 1644 494 1708 quotidie
512 1646 666 1699 medilatnrt
685 1650 730 1712 oui
741 1647 820 1701 laude
838 1652 865 1699 et
881 1648 975 1699 lavore

132 1735 253 1787 humanm
271 1728 397 1783 allicitur:
416 1730 461 1793 qul
478 1732 592 1785 scienter
604 1736 630 1785 et
642 1733 811 1795 pertinaciter
829 1732 857 1783 in
875 1730 973 1795 aliquo,

130 1819 205 1885 ouorl
223 1822 269 1869 est
283 1819 375 1869 contra
393 1817 473 1869 lleum
491 1822 519 1868 et
535 1816 736 1879 conscientiam,
758 1819 802 1869 uel
819 1821 910 1869 contra
929 1828 974 1867 vo-

132 1907 268 1958 luntatem
295 1902 489 1965 praelatorum,
517 1907 671 1965 occupetur:
700 1902 743 1967 qui
770 1902 798 1952 in
824 1902 975 1964 receptione

133 1992 178 2042 vel
195 1986 340 2041 collatione
366 1987 579 2039 munusculorum
603 1988 648 2039 vel
674 1986 823 2039 litterarum
849 1986 976 2038 amicabi-

132 2076 199 2129 lium
218 2074 375 2126 delectatur.
414 2071 486 2125 Unde
508 2072 614 2135 sapiens
637 2070 742 2137 quidam
767 2070 845 2124 dicit:
868 2071 974 2123 Munus-
1005 2058 1008 2064 ’

131 2162 193 2214 cula
212 2158 352 2223 accipere,
380 2167 421 2210 est
448 2158 595 2211 libertatem
614 2157 737 2211 veniere.
774 2158 805 2210 lit
820 2156 882 2211 loo:
901 2158 975 2220 ignis

133 2245 278 2301 devorabit
307 2244 477 2311 tabernacula
508 2255 614 2307 eornm,
646 2246 690 2309 qni
720 2256 829 2297 munera
860 2243 976 2297 libenter

132 2332 285 2396 acciniuut;
304 2330 370 2391 (loo
388 2329 432 2392 15,
450 2326 507 2395 34.)
525 2329 629 2381 intesta
649 2329 718 2393 ignis
736 2330 799 2383 falsi
816 2330 926 2383 amoris:
947 2336 975 2383 et

131 2430 182 2482 ner
199 2428 363 2481 consequens
379 2417 456 2469 illum
473 2428 588 2469 amorem
606 2418 723 2481 sequitur
741 2418 874 2471 vinculum
891 2417 975 2471 sarai·

132 2504 208 2557 tntis.
246 2504 284 2556 lle
301 2503 380 2557 tlanle
397 2515 460 2557 vero
478 2516 587 2557 munera
606 2504 669 2555 (licit
680 2504 814 2557 Salomon:
833 2504 973 2557 Victoriana

132 2594 162 2643 et
178 2590 308 2641 honorem
325 2590 457 2655 arqunet,
482 2589 526 2654 oui
544 2590 590 2641 iat
607 2600 728 2643 munera:
753 2590 866 2642 animam
885 2595 974 2643 autem

133 2674 225 2727 aufert
251 2674 445 2737 accipientium.
482 2675 576 2736 (Pron.
601 2671 650 2739 22,
675 2674 713 2738 9.)
748 2676 859 2740 Singula
879 2676 975 2728 iorum

132 2761 261 2814 unierunt
279 2760 377 2813 nomini
395 2761 554 2822 libertatem,
575 2760 776 2824 etrerllgnntln
793 2762 973 2815 miserabilem

130 2846 299 2900 servitutem.
336 2846 393 2899 lion
410 2846 481 2898 enim
498 2847 585 2907 notest
602 2843 630 2896 in
651 2844 772 2899 libertate
794 2846 903 2911 spiritus
920 2846 975 2895 ileo

120 2944 242 3007 drame,
261 2932 307 2996 qni
324 2932 353 2984 ln
370 2931 519 2995 uniusmodi
537 2936 688 2993 occupatur.

478 3107 630 3120 θ
