2384 3759
533 373 585 430 201

141 521 192 572 ete.
213 517 231 569 i.
254 527 278 577 e,
298 515 425 568 deducam
443 526 504 567 eum
531 515 564 566 de
582 513 663 568 exitio
688 516 835 579 proesentis
853 513 976 569 miseriae

141 605 174 657 eri
192 603 308 656 eoelum.
345 601 478 654 imbros:
505 599 631 653 bominiei
659 601 775 664 eorporis
800 601 883 666 figure
901 614 977 666 prue-

142 689 233 752 cessit,
254 687 360 752 uuundo
372 686 495 738 Dominus
507 685 535 737 in
547 685 649 738 deserto
662 685 778 750 putribus
790 699 887 740 muunu
898 689 975 750 pluit,

140 775 204 840 puin
222 773 293 826 siout
309 771 357 826 iiie
373 773 452 837 punis
468 773 595 835 populum
613 783 662 835 per
679 772 810 825 desertum
829 772 862 824 ori
880 776 977 826 terrum

139 860 323 926 promissionis
340 858 429 923 tinxit,
459 860 525 910 bueo
552 870 614 911 esee
642 858 764 912 eoelestis
791 857 882 910 iiieies
899 858 977 922 buius

139 946 244 1000 sueouii
256 946 388 998 desertum
400 947 565 999 trunseuntee
582 944 610 996 in
627 946 728 998 coelum
741 943 871 998 subvehit.
904 944 976 998 Unde

139 1038 213 1087 reete
232 1031 356 1084 riutieum
373 1031 536 1095 eppeitutur,
560 1029 621 1094 quie
639 1031 667 1084 iu
685 1031 729 1084 rin
746 1029 866 1084 retieiens
885 1030 912 1082 in
930 1042 976 1094 pe·

139 1121 220 1173 trium
238 1129 321 1183 usque
337 1117 464 1180 perimit.

211 1205 249 1257 ite
267 1205 359 1269 quorto
377 1202 464 1256 iruotu
480 1203 556 1255 Jouu.
575 1198 670 1265 6,5b.:
697 1203 743 1266 Qui
761 1203 902 1256 munducat
919 1214 976 1256 eer-

140 1302 203 1344 nem
222 1301 328 1344 meum.
344 1328 374 1344 ..
402 1294 430 1342 et
459 1301 508 1354 ego
528 1289 689 1342 resuscitabo
711 1301 771 1344 eum
790 1289 976 1344 innovissimo

141 1377 194 1430 uie.
215 1375 342 1429 -Siout
366 1387 415 1440 per
444 1388 525 1430 unum
551 1377 685 1430 bominem
704 1389 773 1430 mors
791 1390 827 1430 se.
849 1377 975 1439 omnium,

140 1465 178 1516 itu
206 1473 352 1526 perunum
370 1461 502 1514 bominem
519 1475 557 1514 se.
578 1462 708 1516 christum
733 1464 890 1518 resurreetio
907 1475 976 1516 mor·

140 1556 258 1605 tuorum.
287 1550 323 1610 (Ι.
337 1551 402 1602 eor.
422 1546 464 1610 15,
482 1547 540 1616 21.)
574 1551 627 1604 seri
654 1552 703 1602 boo
730 1549 807 1602 iside
834 1549 975 1612 dissimile3

140 1637 214 1690 nnete
236 1636 367 1700 seqnitur:
396 1636 490 1689 omnes
517 1636 623 1700 ouioem
651 1647 831 1700 resurgemus,
859 1635 906 1686 seri
923 1646 977 1686 non

141 1733 234 1776 omnes
252 1721 456 1774 immutabimur.
494 1723 574 1784 Quale
592 1733 682 1775 semen
701 1725 753 1785 est,
773 1719 842 1784 quon
860 1719 975 1772 obiitin
1078 1770 1080 1775 .

140 1812 221 1872 terrm
249 1809 311 1860 tuiis
337 1807 437 1860 fruetus
463 1808 547 1872 surgit
572 1807 606 1860 tie
631 1812 710 1861 terre.
748 1806 874 1862 similiter
890 1805 975 1870 pontis

141 1900 184 1948 est
200 1896 257 1947 rite
275 1897 329 1957 tus,
349 1893 411 1946 dum
429 1893 558 1958 morieris,
586 1894 648 1946 tuiis
667 1895 718 1948 erit
734 1897 852 1958 ternpore
869 1904 917 1945 suo
934 1904 976 1946 re·

141 1982 270 2034 surrectio
299 1984 353 2034 tue.
390 1981 540 2034 seminatur
560 1981 663 2034 zizanio
687 1983 714 2034 et
729 1983 813 2047 surgit
830 1995 863 2034 er
882 1993 912 2034 en
931 1981 976 2032 rie·

141 2068 235 2122 formis
253 2070 281 2120 et
297 2067 404 2119 obibitis
421 2049 681 2132 berbe3⁰serninotur
693 2069 807 2122 tritieum
826 2072 853 2122 et
864 2066 976 2131 resurgit

141 2155 302 2208 trumentum
328 2155 472 2217 puiobrnm.
510 2155 580 2208 iiuee
609 2153 719 2217 tigurutn
745 2157 806 2208 sunt
832 2155 861 2208 in
884 2163 975 2206 somno

140 2243 226 2305 repis:
258 2239 321 2292 Gen.
335 2238 379 2303 41,
390 2237 433 2292 20.
470 2242 578 2304 septem
605 2241 693 2303 spineo
723 2241 852 2294 deformes
869 2240 976 2302 simunt

141 2337 234 2380 omnes
251 2325 375 2390 reprobos
393 2339 452 2381 eum
470 2338 568 2390 magno
585 2326 752 2380 deformitate
769 2324 911 2388 injudicio
930 2335 974 2386 up·

142 2414 280 2478 pmeutes3
299 2415 400 2476 septem
417 2412 608 2476 puioberrinrue
621 2425 710 2471 omnes
728 2414 825 2466 eleetos
843 2421 901 2464 oum
920 2411 974 2474 pio·

141 2500 220 2554 riosis
237 2498 389 2562 eorporibus
406 2503 581 2563 resurgentes.
619 2501 639 2553 i.
657 2499 691 2552 od
710 2501 766 2552 cor.
786 2494 829 2561 15,
848 2493 908 2550 tu:
928 2499 974 2551 Se·

140 2585 258 2639 minetur
272 2595 365 2648 eorpus
381 2585 559 2650 corruptibile,
578 2589 669 2651 surget
680 2583 883 2649 incorruptibile,
897 2585 975 2638 serni·

141 2677 222 2726 netur
239 2671 267 2724 in
284 2671 446 2734 intirmitete,
465 2677 555 2738 surget
571 2675 600 2726 in
618 2674 730 2736 virtute;
757 2673 901 2726 seminetur
917 2682 974 2724 eor·

140 2773 190 2824 pus
207 2759 333 2821 animale,
351 2763 442 2822 surget
462 2759 615 2823 spirituum
645 2759 788 2812 seminatur
813 2759 841 2812 in
874 2756 975 2820 ignobi-

141 2847 231 2908 litete,
250 2849 340 2908 surget
361 2845 389 2897 in
407 2846 501 2908 gioria.
535 2849 626 2899 Amen.
657 2887 658 2890 ,
