2384 3759
107 533 269 595 Eleazarus,
289 530 341 585 iob
358 534 385 583 et
403 529 514 594 Denie13
534 531 639 584 tertium
658 531 759 584 inbias.
797 532 844 596 oui
864 535 913 588 noe
930 533 957 588 in

105 631 141 672 se
159 617 256 680 sentit,
278 617 312 669 de
330 619 483 680 argumento
502 627 580 670 verne
599 617 759 671 tortitudinis
783 631 891 673 securus
908 628 958 674 ese

184 699 213 755 5.
234 705 425 767 Argumentum
444 703 605 756 fortitudinis
623 703 722 765 inisse,
747 705 800 756 imo
827 699 958 768 pessimae
995 768 997 775 ,

105 794 172 854 est,
204 789 292 840 muita
319 790 346 838 et
372 799 466 852 magne
484 798 561 852 posse
579 791 668 840 eontra
687 787 767 841 Deum
785 791 956 844 committere.

107 877 147 928 De
167 876 222 926 hee
240 873 271 925 D.
289 871 438 925 Anselmus:
460 873 571 925 Peeeere
584 876 690 926 nonest
703 874 819 939 libertos,
837 886 886 927 nee
897 887 959 939 pers

107 957 260 1012 libertatis.
297 957 407 1010 Peeeere
426 960 465 1009 est
482 957 568 1022 potius
586 971 639 1011 non
659 971 750 1022 pesse,
775 971 854 1024 quum
871 971 957 1023 posse.

109 1047 273 1110 Quicunque
293 1043 362 1096 enim
382 1045 431 1096 inne
449 1049 553 1108 potest,
583 1045 652 1110 quod
679 1045 729 1097 sitsi
756 1057 810 1099 non
837 1044 959 1110 expedit:

107 1135 217 1197 quinto
237 1130 323 1194 meris
350 1131 399 1182 hoe
425 1133 529 1194 potest,
557 1134 632 1210 tento
654 1131 737 1212 meeis
764 1131 913 1185 adversitas
932 1134 960 1185 et

108 1219 280 1283 peruersitas
307 1218 417 1279 possunt
443 1216 470 1267 in
498 1215 582 1269 iilum.
621 1216 693 1270 Unde
715 1219 797 1270 isaias
821 1215 869 1281 (5,
897 1213 959 1278 22.)

108 1305 176 1366 voe,
198 1302 247 1368 qui
266 1307 386 1367 potentes
405 1302 468 1355 estis
487 1302 520 1354 ed
545 1300 688 1356 bibendum
716 1303 824 1364 vinum,
854 1307 882 1356 et
907 1303 959 1356 viri

108 1391 200 1443 inrtes
224 1387 259 1440 ud
288 1387 449 1440 miscendum
476 1387 639 1441 ebrietatem.
679 1391 752 1442 iisne
778 1389 959 1443 tortitudinem

109 1476 273 1529 habuerunt
291 1474 353 1527 olim
371 1478 550 1538 persecutores
568 1476 711 1537 eeeiesiee,
738 1488 813 1540 reges
835 1480 863 1528 et
886 1476 959 1540 prin·

109 1564 198 1627 cipes,
221 1565 250 1612 et
268 1559 345 1613 nodie
363 1562 475 1624 hebent,
499 1565 526 1612 et
543 1559 677 1614 iubebunt
699 1561 866 1625 imposterum
885 1561 958 1615 Anti·

109 1648 234 1701 christus
253 1649 281 1699 et
298 1645 361 1698 soeii
379 1648 444 1699 eius.

428 2007 583 2077 CAPUT
606 2007 652 2074 X.

388 2145 693 2218 [iniustitia.

187 2321 215 2374 1.
237 2321 343 2374 iustitie
360 2330 424 2373 rere
446 2325 474 2373 et
495 2321 613 2384 perterre
636 2321 669 2373 ed
688 2322 769 2372 iteum
787 2321 829 2372 est
846 2318 961 2373 redditio

112 2410 228 2464 debitae
257 2405 344 2458 iendis
371 2406 398 2458 in
425 2406 544 2459 omnibus
572 2407 678 2460 dirime
702 2407 826 2471 nituere:
854 2405 961 2459 denitur

113 2495 266 2561 mitiorum
285 2492 395 2544 aetionis
413 2503 460 2556 pro
479 2493 600 2544 omnihus
612 2491 687 2545 bonis
705 2493 733 2543 et
751 2491 827 2544 donis
844 2492 960 2557 enitatis,

114 2587 143 2636 et
159 2579 244 2633 mulis
263 2578 405 2641 perpessis:
432 2577 536 2630 debitae
558 2577 747 2630 setisieettnnts
769 2589 816 2640 pro
839 2578 961 2631 omnibus

114 2665 270 2723 commissis
289 2669 316 2716 et
333 2663 450 2716 omissis:
475 2663 557 2718 debiti
575 2664 670 2718 feruidi
692 2663 790 2717 doioms
809 2674 856 2727 pro
874 2664 962 2771 omni·

114 2755 166 2809 isus
186 2751 282 2817 gratiis
300 2750 435 2815 neglectis

189 2835 217 2890 2.
239 2838 289 2891 ilie
308 2847 396 2890 rerem
413 2835 541 2900 iustitium
560 2835 640 2887 hebet
661 2835 695 2888 ed
716 2835 811 2899 Deum
840 2837 884 2902 put
907 2837 961 2890 itee

115 2925 209 2980 idelis
228 2929 279 2987 est,
297 2934 401 2987 semper
418 2925 446 2974 et
463 2920 569 2985 unique,
589 2919 617 2972 in
635 2920 757 2974 omnibus
775 2922 922 2986 praeceptis
934 2927 963 2974 ee
1055 2967 1059 2973 .

116 3012 191 3066 rous
211 3007 359 3072 servandis,
378 3007 423 3076 qni
442 3009 541 3060 tuntum
561 3005 727 3071 diligentium
741 3007 856 3070 singuiis
874 3006 961 3069 operi·

117 3097 168 3152 dus
188 3097 246 3148 suis
266 3100 293 3148 et
310 3094 470 3159 temporibus
489 3093 614 3156 opponit,
638 3093 712 3157 onesi
735 3094 790 3142 totu
813 3092 886 3140 seius
911 3102 963 3142 sue

118 3183 148 3238 in
166 3191 332 3246 unoquoque
350 3179 512 3244 dependere
541 3181 568 3230 et
594 3177 638 3240 nui
666 3187 731 3237 pure
752 3174 859 3233 propter
880 3173 963 3223 uena
