2384 3759
628 338 681 395 110

238 480 366 533 delicatas
383 484 470 532 restes
487 478 631 543 abjiciunt,
657 478 755 542 lanula
772 480 894 541 serram,
913 476 1011 541 uigiliis
1029 477 1064 529 lu·

238 567 344 629 sistunt.
364 565 510 629 ulsclpllnls
526 578 556 619 se
574 566 707 629 amigunt,
731 564 864 617 silentium
882 566 985 627 auant,
1010 575 1065 628 pru·

238 654 323 717 priam
340 654 502 707 uoluntatem
520 654 653 717 mugiunt,
674 656 701 704 et
718 664 734 703 a
751 652 840 704 multis
852 650 1066 703 delectationibus

239 740 380 803 abstineut,
399 752 468 804 nuce
485 740 560 793 licita
576 739 616 791 els
639 740 744 800 esseut,
772 737 795 788 sl
820 748 953 801 nunquam
976 736 1067 789 illicita

238 825 440 879 commisissent.
477 824 543 878 illuc
559 824 694 888 praecepit
712 824 845 887 Dominus,
864 826 892 876 et
908 824 936 875 B.
955 824 1066 875 loannes

237 912 366 976 Baptista,
385 911 517 965 diceutes:
537 908 728 963 Paenitentiam
746 909 829 973 aglte,
852 906 1067 973 appropinquarit

238 998 309 1051 euim
327 1009 437 1062 regnum
454 997 594 1049 coelerum.
616 994 730 1055 (Malta.
749 991 776 1056 4,
796 991 837 1045 17.
856 998 883 1047 et
899 990 925 1057 3,
945 990 989 1055 2.)

307 1082 333 1135 i.
365 1083 403 1136 Ad
430 1095 519 1136 reram
548 1081 738 1147 paenitentiam
767 1092 814 1133 uns
840 1080 964 1133 inducere
994 1080 1069 1133 uelat

239 1168 391 1222 necessitas.
430 1169 496 1221 llam
514 1169 571 1221 siue
589 1169 646 1233 ipsa
664 1179 715 1221 nun
733 1168 875 1231 eutasius,
899 1166 1004 1219 (licente
1022 1166 1067 1218 lla

239 1254 324 1306 minu:
343 1251 426 1314 (lace.
446 1251 490 1318 13,
509 1252 551 1317 3.)
585 1256 614 1307 si
633 1266 685 1307 nun
708 1253 895 1317 poeniteutiam
914 1250 1066 1311 habueritis,

238 1349 329 1390 amnes
346 1338 469 1393 similiter
485 1340 611 1404 peribitis.
650 1340 681 1391 lit
702 1339 730 1391 D.
752 1338 922 1403 Augustinus:
950 1338 1067 1398 Peccata,

237 1423 333 1487 lnquit,
351 1423 409 1476 slve
426 1435 516 1489 parra,
534 1425 592 1478 siue
609 1436 703 1488 magna
716 1425 778 1487 sint,
796 1426 924 1489 impunita
941 1436 1000 1477 esse
1017 1436 1068 1475 nnn

238 1512 355 1573 pessunt.
393 1510 467 1563 Unde
492 1512 617 1563 Dominus
644 1510 741 1564 indixit
766 1512 856 1564 Daviui
883 1509 1067 1575 paenitentiam

238 1606 286 1660 pru
303 1598 412 1659 peccatu
428 1608 486 1659 suu,
504 1596 606 1661 ecquod
624 1597 772 1649 numeravit
789 1596 913 1660 pupulum
932 1607 1022 1648 suum:
1041 1596 1068 1646 ut

237 1681 281 1733 ael
299 1682 441 1733 sustineret
457 1685 558 1747 septem
578 1682 655 1733 annis
673 1682 769 1734 famem
786 1692 864 1745 super
886 1686 1000 1734 terram:
1028 1680 1067 1733 uel

237 1766 321 1820 trluus
338 1766 471 1819 mensibus
488 1768 631 1820 vindictam
650 1768 826 1821 inimicorum:
853 1768 895 1819 vel
913 1768 997 1820 tribum
1015 1766 1066 1818 ule·

237 1850 287 1905 ltus
303 1852 490 1915 pestilentiam.
527 1853 559 1905 lit
576 1853 657 1916 elegit
675 1852 755 1906 David
772 1852 822 1905 sunl
841 1857 867 1904 et
883 1855 983 1917 pupulo
1001 1864 1066 1906 cun·

237 1950 343 1991 munem
370 1938 474 2001 plagam
500 1938 601 1990 mortis.
638 1940 687 1991 Per
713 1940 763 1991 uae
789 1936 970 2003 signinaatur,
1002 1938 1065 2004 quoi

238 2024 386 2079 necessarlo
404 2022 516 2088 quilibet
532 2034 579 2087 pru
597 2023 713 2087 peccatis
730 2024 784 2076 suls
802 2024 926 2087 punietur
943 2026 972 2078 in
990 2026 1065 2077 inler-

237 2120 280 2172 nn,
310 2109 379 2174 quui
396 2108 545 2173 significant
561 2113 664 2172 septem
682 2111 744 2162 anui
763 2110 852 2162 lamia:
872 2112 916 2164 vel
930 2112 957 2163 in
975 2122 1067 2179 purga·

237 2195 315 2257 turia,
333 2196 401 2260 quau
418 2195 550 2260 sigulilcat
567 2196 700 2247 violentia·
713 2196 876 2249 inimicarum
895 2196 982 2249 tribus
1001 2208 1068 2249 men·

237 2279 323 2331 sinus:
343 2282 387 2333 vel
404 2282 543 2346 temporali
561 2294 662 2345 poena,
688 2281 756 2347 quud
773 2281 903 2345 siguificat
920 2284 1068 2346 pestilentia

237 2365 317 2416 trium
335 2364 446 2418 dierum.
483 2367 526 2420 sic
544 2367 610 2420 utile
629 2370 669 2419 est
687 2366 778 2428 uultis,
808 2366 906 2431 eligere
934 2370 1069 2432 paeniten-

237 2449 302 2501 tiam
320 2451 490 2516 levissimam,
511 2455 538 2504 et
555 2452 642 2505 subita
660 2455 849 2505 transeuntem.

306 2534 332 2586 3.
353 2536 541 2597 Argumentum
560 2549 641 2589 verae
659 2536 837 2601 poenitentiae
850 2540 889 2589 est
901 2536 993 2590 debita
1006 2550 1069 2591 cum·

236 2619 397 2670 mensuratlo
414 2633 516 2683 poenae
529 2627 620 2676 contra
633 2624 751 2687 culpam:
772 2626 801 2675 ut
812 2622 956 2675 secundum
969 2624 1070 2690 quanti·

235 2706 316 2755 tatem
333 2704 426 2768 culpae
436 2706 472 2758 sit
483 2709 614 2771 quantitas
626 2712 653 2762 et
664 2710 777 2774 gravitas
789 2720 906 2772 poenae:
926 2710 1069 2761 secuudum

236 2790 438 2843 delectationem
456 2794 551 2857 culpae
568 2796 605 2847 sit
622 2795 767 2848 amaritudo
791 2806 904 2858 poenae:
928 2796 1070 2848 secundum

236 2875 434 2929 ‹liutumltatem
452 2878 546 2941 culpae
563 2880 599 2932 sit
616 2880 772 2935 diutumltas
790 2892 907 2945 poenae:
934 2885 962 2935 et
980 2894 1070 2936 secun·

236 2962 298 3015 dum
325 2959 549 3025 multiplicitatem
575 2966 670 3030 culpae
696 2968 730 3019 sil
753 2966 935 3041 multiplicitas
953 2978 1068 3031 paenam

234 3048 310 3111 Juxta
329 3047 396 3100 lllud
413 3048 534 3100 loannis:
554 3050 641 3103 laclte
659 3052 758 3105 fructus
777 3053 868 3117 dignus
879 3053 1067 3116 poenitentiae.

236 3132 349 3192 (ualet.
368 3129 394 3194 3,
413 3129 439 3184 8.
458 3131 526 3186 Luc.
546 3131 573 3200 3,
592 3132 633 3196 8.)
651 3136 724 3189 slcut
741 3139 811 3191 enlm
824 3138 946 3205 singulae
963 3138 1068 3193 lullrmi·
