2384 3759
615 352 634 408 8

209 495 312 560 (dccli
332 490 375 554 19,
394 489 452 555 23.)
470 493 521 546 sed
539 503 620 547 verus
635 492 753 557 humilis,
772 495 839 546 teste
856 494 885 546 b.
897 493 1042 554 bernardo,
1094 510 1095 523 r

210 581 271 634 vilis
300 581 358 633 vult
386 579 520 644 reputari,
552 592 605 634 non
627 581 735 634 humilis
752 579 908 643 praedicari.
943 582 1044 632 Auram
1095 624 1096 629 ,

210 667 384 720 humilitatem
412 665 490 718 debet
516 665 630 718 radicem
660 665 816 718 humilitatis
841 664 870 716 in
896 663 977 716 corde
994 675 1044 716 suo

210 756 347 819 plantare,
379 753 428 806 boc
453 755 511 815 est,
542 753 674 816 propriam
696 753 867 816 hagilitatem
885 762 1044 815 agnoscere3
1096 736 1097 763 ²

211 842 241 894 ut
257 852 287 892 se
303 841 425 902 reputet,
456 849 508 890 non
537 837 623 890 solum
640 848 718 902 quam
736 837 798 889 eills
814 837 867 896 sit,
896 835 945 888 sed
962 834 1044 888 etlam

211 935 289 989 quam
307 924 369 976 vilis
385 933 444 976 esse
462 921 559 985 possit3
588 923 640 974 imo
658 923 756 982 edom,
783 933 861 985 ouam
884 921 946 974 ville
964 921 1044 974 hodie

210 1009 304 1074 fleret,
332 1010 383 1062 nisi
401 1011 468 1062 beus
486 1009 616 1060 violenter
633 1019 694 1060 eum
711 1021 728 1061 a
745 1007 862 1073 peccatis
877 1006 1044 1066 retraxisset,

211 1099 238 1148 et
255 1095 306 1147 nisi
324 1095 365 1146 llli
383 1094 543 1146 tentationes
560 1092 734 1146 subtraheret.
754 1089 793 1144 lbl
811 1092 924 1157 quilibet
939 1105 971 1146 sc
983 1105 1045 1155 cos·

212 1191 320 1232 noscere
339 1182 438 1243 potest;
469 1183 546 1242 utque
564 1179 642 1230 etiarn
661 1191 695 1232 ex
711 1191 759 1231 sna
776 1179 920 1244 fragilitate
937 1189 968 1230 se
986 1190 1045 1230 esse

212 1263 366 1327 dispositum
381 1263 413 1315 ad
427 1263 547 1325 abyssum
559 1270 586 1316 et
604 1265 755 1328 compiuem
774 1266 890 1320 omnium
910 1264 1044 1326 vitiorum,

208 1349 284 1414 Juxta
303 1348 383 1402 illud:
403 1350 555 1402 Humiliatio
568 1353 614 1402 tua
631 1349 659 1402 in
671 1351 817 1404 mediotui.
837 1351 936 1416 (ilict.
946 1347 974 1414 6,
985 1347 1045 1407 14.)
1102 1412 1103 1419 χ

280 1437 306 1490 2.
338 1437 376 1490 lid
405 1449 494 1490 reram
528 1437 705 1490 bumilitatem
733 1438 834 1492 lnducit
862 1438 987 1501 mouens
1017 1437 1045 1488 iu

211 1524 341 1587 despectis
359 1523 481 1587 operibus
500 1524 666 1590 exercitatio,
685 1523 788 1575 dicente
806 1535 882 1576 sacra
900 1523 1043 1585 scriptura:
1103 1526 1104 1533 ’

210 1609 279 1674 onod
297 1621 431 1674 nunquam
449 1610 482 1662 ad
501 1607 657 1662 humilitatis
676 1610 798 1662 virtutem
817 1607 972 1672 perveniet,
1000 1606 1046 1672 qui

211 1707 291 1761 opera
309 1695 464 1748 humilitatis
482 1695 588 1760 refugit.

279 1779 305 1835 3.
326 1783 437 1838 locetur
454 1794 516 1836 vera
534 1784 670 1838 humilitas
688 1795 722 1835 ex
739 1793 781 1844 eo,
800 1780 869 1845 qnod
887 1781 965 1832 bomo
981 1789 1047 1832 rece

211 1869 362 1934 cognoscit,
393 1869 495 1922 nnllam
525 1881 573 1932 per
598 1882 628 1922 se
654 1868 788 1922 carnalem
818 1867 861 1920 rel
878 1865 1046 1929 spiritualem

211 1955 384 2008 tentationem
403 1964 479 2018 posse
497 1953 618 2010 vincere:
641 1965 692 2006 nec
708 1953 795 2006 minna
813 1963 879 2015 opus
897 1951 997 2004 bonum
1014 1963 1046 2004 ac

210 2038 263 2094 beo
280 2043 401 2104 matum,
424 2041 483 2094 sine
500 2041 610 2105 speciali
628 2038 728 2092 auxilio
744 2038 807 2092 lesu
824 2036 938 2098 christi,
966 2048 1047 2100 posse

321 2137 345 2176 e.

210 2125 511 2271 perficiermumenwm
529 2221 609 2262 verae
627 2209 784 2262 humilitatis
803 2216 860 2271 est,
888 2219 949 2261 cum
967 2209 1047 2262 bomo

212 2295 240 2348 ln
266 2297 367 2346 mutum
394 2305 423 2346 se
446 2295 551 2359 dejicit,
582 2295 650 2360 quod
669 2296 741 2348 omni
758 2296 843 2358 cratia
860 2305 891 2346 se
908 2293 1047 2357 intimam

212 2390 270 2432 esse
287 2377 379 2443 seutit3
399 2391 448 2434 nec
466 2381 546 2434 audet
563 2381 643 2436 etiam
654 2382 769 2446 aliquam
781 2379 893 2445 gratiam
905 2386 1048 2444 appetem

212 2467 240 2518 et
265 2465 289 2516 sl
316 2476 332 2516 a
358 2466 410 2518 beo
427 2479 506 2530 super
524 2470 608 2532 ipsum
628 2469 726 2533 absolu
743 2480 791 2520 suo
808 2467 938 2520 desiderio
956 2466 1049 2532 allona

213 2550 353 2615 eltuxen't,
374 2563 432 2604 cum
451 2552 543 2606 timore
561 2554 681 2617 percipit.
719 2555 775 2606 imo
801 2551 960 2606 laudabilius
974 2551 1048 2616 ludl-

213 2639 256 2688 oat
273 2647 340 2696 esse,
361 2649 450 2690 carere
468 2640 514 2692 bei
532 2641 633 2702 gratia,
656 2651 734 2704 qncm
753 2651 812 2692 eam
830 2637 947 2700 babere,
967 2649 1048 2704 pum

212 2722 292 2774 toties
309 2723 420 2776 dirersis
438 2724 522 2776 modis
539 2725 669 2778 demeruit
686 2737 717 2777 ac
732 2724 890 2788 deturbavit,
910 2735 962 2788 pua
979 2735 1051 2777 nun·

214 2819 292 2873 quam
310 2809 453 2862 secundum
463 2811 508 2864 bel
518 2810 708 2864 ordinationem
726 2812 870 2864 fruebatur.
890 2811 956 2862 item
969 2820 1050 2873 arpa·

213 2897 332 2948 mentum
350 2906 427 2948 verae
445 2894 601 2948 humilitatis
618 2899 671 2958 ost,
690 2908 795 2961 semper
811 2895 929 2949 lnhmum
946 2896 1048 2958 locum,

214 2979 318 3034 inilmos
335 2981 428 3044 socios,
447 2980 564 3034 intimum
582 2981 707 3048 olilcium,
735 2988 763 3037 et
779 2982 869 3036 inbma
887 2982 1049 3036 uestimenta

215 3079 348 3132 quaerere.

284 3151 311 3208 b.
346 3155 476 3219 superbio
506 3155 601 3210 mentis
634 3156 775 3220 dupliciter
808 3155 915 3220 agnosci
949 3158 1051 3219 potest.
