2384 3759
542 342 578 397 83

130 488 263 543 cohibere
290 486 413 549 spiritum
442 494 528 537 mum.
563 482 661 548 [Pron
679 480 723 547 25,
741 480 800 547 28.)
831 486 878 539 liti
905 485 976 539 enlm

131 588 188 627 non
207 574 251 624 est
269 569 415 623 moderatio
433 568 550 631 linguae,
571 566 608 619 itti
626 579 759 633 nunquam
773 571 822 625 erit
838 572 973 637 perfectio,

128 661 208 724 iuxta
228 656 312 709 illud:
332 654 427 719 Siquis
445 654 472 705 in
486 654 566 707 rerlto
583 664 637 706 nou
655 654 771 721 offendit,
791 657 832 710 iric
844 660 976 721 perlectus

132 752 176 799 est
195 745 257 805 vir,
289 741 371 805 (loc.
390 737 417 802 3,
438 736 477 805 2.)
502 744 530 793 et
545 752 599 793 non
617 741 695 805 altus,
716 742 780 795 dicit
797 744 896 797 Glossa.
927 746 977 799 dii

132 836 177 884 est
193 826 320 882 custodia
337 826 455 889 linguae,
473 823 510 877 ilri
528 829 569 878 est
580 825 722 891 beatitudo,
735 829 877 881 secundnm
890 830 975 885 illud:

133 918 237 971 Beatam
267 914 327 975 vir,
358 912 402 977 qul
433 923 485 963 nou
516 916 556 964 est
581 913 671 976 lapsus
699 914 779 965 verto
808 927 841 967 er
859 926 904 969 ore
921 928 976 969 suo.

134 1002 245 1068 (Εοθᾶ
264 995 309 1063 14,
328 996 367 1062 1.)
397 1000 442 1052 nt:
463 998 508 1062 oui
525 998 640 1051 custodit
657 1010 686 1051 os
704 1010 789 1063 sunm,
816 1002 842 1052 et
860 1000 975 1065 linguam
1051 1022 1058 1035 ·

133 1102 229 1151 suam,
238 1086 355 1139 custodit
364 1086 397 1138 ab
406 1084 534 1149 angustiis
543 1086 656 1137 animam
667 1096 749 1137 suant.
764 1084 860 1149 (Pron.
868 1084 977 1151 21,23.)

210 1172 238 1225 3.
260 1174 448 1235 Argumentum
478 1183 557 1223 verae
587 1170 772 1223 taciturnitatis
801 1172 897 1235 habet,
932 1173 976 1238 orti

137 1274 200 1315 cunr
221 1259 317 1321 litere,
337 1259 364 1309 et
381 1258 462 1319 licite,
489 1263 516 1309 et
534 1258 591 1309 sine
611 1256 710 1308 offensa
729 1256 799 1321 loqui
819 1262 920 1321 potest,
951 1262 978 1312 et

136 1350 214 1411 cuins
225 1346 308 1398 verba
320 1343 481 1407 recipientur
493 1356 552 1397 cum
565 1355 660 1407 magno
679 1342 823 1396 desiderio:
844 1348 870 1397 et
889 1350 976 1399 tamen

135 1435 214 1487 nullo
232 1431 313 1485 modo
331 1435 377 1481 aut
393 1442 451 1483 raro
470 1430 602 1481 inducitur
620 1428 653 1481 ad
672 1430 847 1496 loquendum,
875 1434 975 1497 recogi·

138 1526 198 1574 tans
224 1518 293 1569 illud
313 1517 340 1568 l).
361 1515 489 1579 Gregorii:
517 1515 544 1567 Si
574 1518 681 1567 sanctus
709 1517 837 1579 Propheta
854 1520 975 1571 Ezechiel

136 1605 235 1658 missus
254 1603 288 1654 ad
307 1600 465 1665 loquendum
484 1602 588 1664 iuerat,
609 1604 636 1653 et
653 1604 754 1665 septem
772 1602 863 1656 diebus
880 1605 976 1657 sedens

136 1700 314 1753 moerensque
340 1688 460 1739 taceoat:
499 1688 662 1750 pensandum
689 1688 763 1740 nobis
791 1694 848 1751 est,
878 1692 976 1754 quanta
1065 1742 1068 1745 .

137 1780 218 1841 culpa
235 1775 274 1827 sit
291 1774 327 1836 ei,
345 1785 398 1826 non
418 1776 522 1835 tacere,
551 1786 628 1837 quem
655 1774 728 1826 nulla
746 1774 887 1827 necessitas
906 1776 976 1837 cogit

136 1864 219 1927 loqui.
266 1860 297 1912 Et
326 1858 392 1911 illud
424 1860 532 1911 uerbum
562 1860 760 1923 euangelicum:
796 1859 857 1912 iiico
887 1862 975 1914 autern

136 1950 234 2009 rodis,
264 1934 397 2011 qnoniam
417 1957 495 1999 omne
518 1946 626 1999 verdum
646 1946 774 2010 otiosum,
806 1946 875 2011 qnod
894 1946 975 1999 locuti

136 2035 240 2088 loeriot
257 2032 386 2095 nomines,
405 2031 516 2085 reddent
532 2032 661 2085 rationem
679 2032 711 2085 de
724 2044 755 2087 eo
774 2032 800 2086 iu
814 2030 858 2085 die
871 2031 990 2099 jntlicli.¹

135 2120 257 2187 (Halm.
277 2115 321 2181 12,
340 2115 398 2182 36.)

206 2204 235 2257 4.
254 2207 443 2269 Argumentum
472 2204 558 2257 taleae
574 2203 778 2268 taciturnitatis,
803 2205 866 2258 slve
885 2206 975 2271 loqua-

134 2290 287 2353 citatisest,
306 2294 429 2352 proterve
441 2292 469 2340 et
481 2291 626 2343 clamorosa
644 2278 727 2355 loqui,
747 2294 777 2344 nt
793 2291 887 2357 aliquis
905 2293 975 2347 inter

134 2379 204 2430 alios
234 2375 367 2429 rideatur:
398 2376 441 2429 rel
469 2381 585 2439 tempore
612 2375 777 2440 importuno,
809 2382 974 2431 cunctamen

133 2475 225 2519 sermo
244 2467 408 2525 opportunos
425 2462 461 2515 sit
478 2462 602 2525 optimus.
645 2462 741 2514 contra
767 2464 817 2514 troc
834 2466 875 2515 est
891 2462 972 2517 illud:

135 2552 222 2605 llomo
239 2548 346 2612 sapiens
364 2549 462 2601 tacebit
480 2560 562 2614 nsque
573 2548 607 2601 od
621 2551 739 2613 tempus,
758 2549 872 2603 lascivus
885 2554 973 2605 antero

133 2644 163 2689 et
192 2635 347 2699 imprudens
376 2648 429 2688 non
458 2635 575 2688 serraiit
604 2636 715 2699 tempus.
748 2634 848 2699 (dccli.
869 2634 912 2699 20,
932 2634 973 2697 7.)

133 2723 183 2775 lei
201 2722 286 2787 loqui,
306 2721 350 2775 ulti
369 2734 446 2775 nemo
464 2722 604 2781 auscultat,
625 2722 668 2773 uel
687 2720 778 2775 audire
796 2727 877 2775 cnrat.
908 2724 973 2775 con·

134 2816 178 2862 tra
194 2807 264 2861 illud
282 2813 336 2861 eat:
364 2807 413 2861 llltl
431 2806 537 2859 auditne
554 2818 607 2859 non
626 2810 682 2870 est,
710 2819 763 2859 noo
782 2806 900 2860 ellandus
918 2818 973 2859 ser·

133 2906 253 2949 monem.
285 2893 388 2959 (dccli.
401 2890 445 2957 32,
457 2893 497 2954 6.)
515 2893 561 2945 Vel
579 2905 638 2947 cnm
656 2892 713 2959 qais
731 2893 879 2957 respondet,
899 2896 972 2943 ante·

134 2992 218 3047 quam
235 2979 336 3045 audiat,
354 2981 398 3035 rel
416 2980 599 3042 interrogetur.
632 2979 727 3032 canna
757 2979 806 3033 lroc
832 2982 872 3029 est
890 2976 970 3027 illud:

133 3067 183 3129 Qui
215 3065 289 3128 prius
314 3064 473 3129 respondet,
504 3076 581 3128 quom
607 3064 710 3125 audiat,
741 3064 849 3115 stultum
867 3072 897 3109 se
914 3071 972 3111 esse

133 3153 319 3214 demonstrat,
349 3154 378 3202 et
405 3148 559 3203 contusione
588 3148 705 3212 dignum.
737 3144 833 3275 (Paos.
853 3138 896 3203 18,
916 3138 972 3203 13.)
