2384 3759
621 378 657 435 92

219 524 352 583 suetudo,
381 522 550 585 benignitus,
578 520 682 573 bonitas
708 518 805 582 iniusta
823 517 985 571 dissimulat.
1025 516 1064 571 lni

219 610 315 673 religio
332 608 496 668 dissolvitur,
515 608 613 659 venitm
625 604 789 665 falsificatur,
808 604 913 657 castitas
933 606 1065 670 violatur,

221 695 360 747 maturitas
378 694 445 746 levis
464 691 585 755 efficitur,
606 692 751 743 constantia
771 693 942 755 permutatur.

292 781 363 831 llaec
385 777 469 831 rirtus
491 788 525 829 ex
546 778 651 829 delectu
675 777 784 829 aliamm
808 776 934 829 virtutum
954 776 1063 829 crescit

221 867 286 919 cum
304 865 375 916 enim
393 864 472 916 homo
490 874 570 927 saepe
588 863 672 926 cadit,
698 862 730 915 de
755 862 902 915 numilitate
921 864 950 915 in
968 875 1066 926 super·

221 951 293 1003 tiam
311 952 354 1003 sel
373 961 469 1003 sanam
486 949 612 1013 gloriam:
632 948 666 1001 de
686 950 795 1001 caritate
817 948 843 1001 in
861 946 1008 1000 invidiam:
1030 948 1064 1001 de

220 1037 351 1100 patientia
370 1036 397 1087 in
415 1037 495 1088 iram:
523 1035 556 1086 de
579 1035 780 1087 mausuetudine
799 1036 826 1086 in
844 1045 999 1087 rancorem:
1029 1034 1065 1085 de

221 1124 327 1189 terrore
344 1122 373 1173 lu
392 1124 523 1183 teporem:
542 1120 575 1171 de
587 1120 707 1174 castitate
725 1122 751 1171 in
771 1121 903 1173 carnalem
922 1120 1065 1183 concupis·

220 1206 350 1259 centiam:
374 1205 407 1256 de
431 1216 519 1258 amore
540 1206 702 1269 paupertatis
721 1206 747 1259 in
765 1205 914 1259 arentiam:
943 1205 976 1255 de
996 1216 1065 1269 pace

222 1293 251 1343 in
269 1289 457 1343 turbationem:
477 1290 511 1342 de
527 1291 626 1343 unione
644 1292 671 1343 in
689 1292 862 1345 discordiam:
884 1292 916 1343 de
935 1292 1064 1343 obedien-

222 1378 261 1429 tia
289 1376 317 1427 in
340 1376 528 1430 rebellionem:
558 1377 590 1429 de
618 1377 769 1429 maturitate
796 1378 823 1429 in
850 1375 999 1429 levitatem:
1028 1376 1065 1427 de
1116 1418 1117 1421 ,

223 1462 398 1525 religionem
417 1463 632 1515 dissolutionem:
661 1464 693 1515 de
721 1463 898 1516 taciturnitate
921 1464 950 1514 in
968 1462 1064 1526 loqua-

222 1549 331 1601 citatem
349 1550 393 1602 rel
411 1549 617 1602 detractionem:
642 1549 675 1601 de
697 1549 827 1613 spirituali
851 1558 939 1599 amore
957 1548 986 1597 in
1005 1558 1065 1599 car·

222 1635 325 1686 nalem:
345 1634 379 1686 de
396 1648 443 1699 spe
462 1636 490 1687 in
507 1634 741 1698 praesumtionem:
770 1634 803 1687 de
828 1633 898 1697 iusto
921 1634 1017 1685 timore
1035 1634 1065 1684 in

222 1723 366 1775 numanum
385 1730 413 1775 et
428 1722 567 1775 servilem:
596 1721 630 1773 de
645 1720 746 1784 justitia
765 1720 792 1771 iu
818 1721 1001 1771 severitatem:
1030 1718 1065 1769 de

221 1808 403 1861 misericordia
415 1807 442 1859 iu
454 1808 606 1861 mollitiem:
627 1806 660 1857 de
673 1806 818 1860 constanda
828 1805 854 1857 in
872 1804 1063 1857 mobilitatem:
1116 1810 1117 1817 ¹

223 1894 257 1945 de
285 1894 395 1947 vertute
423 1894 451 1946 ln
474 1892 630 1945 talsimem:
652 1896 714 1945 tunc
731 1892 842 1956 primum
860 1890 890 1943 nt
908 1890 1013 1943 cautior
1030 1888 1063 1940 ad

221 1981 380 2044 cavendum,
400 1983 428 2033 et
443 1980 583 2041 solicitior,
603 1983 630 2032 et
648 1980 674 2031 in
692 1979 812 2031 omuibus
830 1975 974 2030 discretior.

296 2064 322 2118 2.
352 2066 390 2119 Ad
408 2078 497 2119 remur
517 2065 699 2118 discretionem
724 2076 772 2116 nos
795 2064 919 2115 inducere
938 2061 1021 2113 dehet
1039 2062 1066 2111 et
1116 2080 1117 2083 ¹

223 2156 312 2214 potest
329 2152 433 2203 assidua
455 2152 535 2204 lectio
557 2153 585 2203 et
606 2150 740 2202 meditatio
760 2150 787 2201 in
805 2148 956 2213 scripturis:
980 2147 1065 2201 conti·

223 2248 277 2287 nua
297 2236 465 2300 investigatio
484 2237 682 2289 desanctorum
702 2234 844 2297 exemplis:
863 2235 991 2299 nequens
1004 2244 1066 2285 cou-

223 2319 314 2374 ailinm
333 2332 349 2373 a
367 2321 430 2373 viris
449 2321 575 2382 discretis,
594 2321 670 2383 juxta
690 2320 768 2371 illud:
795 2319 940 2373 consilium
959 2328 1066 2382 semper

224 2416 242 2458 a
258 2405 379 2467 sapiente
396 2406 526 2471 perquire.
556 2406 632 2465 (rot.
653 2402 680 2469 t,
700 2402 757 2467 19.)
793 2405 866 2457 Unde
884 2404 1015 2457 ltominus
1033 2402 1064 2455 ad

222 2492 349 2543 Paulum:
368 2492 460 2555 surge,
480 2499 506 2543 et
524 2491 661 2556 ingredere
679 2492 826 2545 civitatem:
846 2494 877 2543 et
904 2490 942 2543 ibi
960 2490 1066 2543 dicetur

223 2575 283 2638 titi,
303 2576 366 2640 puid
385 2581 548 2663 texoporteat
570 2579 666 2632 tacere.
705 2580 776 2641 (Act.
802 2575 833 2640 9,
860 2577 900 2636 l.)
936 2576 1066 2631 Similiter

224 2661 300 2713 misit
317 2657 434 2724 leprosos
453 2663 557 2715 dicens:
581 2663 637 2726 lte,
658 2664 788 2716 ostendite
806 2674 853 2717 vos
871 2662 1064 2717 sacerdotibus.

223 2746 308 2808 (loc.
329 2743 372 2810 17,
393 2743 452 2805 14.)
487 2748 544 2799 lion
562 2752 663 2801 tantum
681 2750 742 2813 uui,
768 2749 814 2801 sed
833 2747 967 2812 pluruma,
996 2753 1027 2801 nt
1042 2748 1064 2801 si

222 2846 294 2885 unus
310 2831 398 2885 minus
416 2832 451 2883 sii
469 2832 613 2896 discretus,
644 2834 712 2887 alter
728 2834 865 2887 discretior
887 2834 1064 2899 perquiratur

294 2914 321 2969 3.
341 2921 527 2981 Argumentum
546 2930 625 2970 verae
643 2920 808 2973 discretionis
825 2920 918 2985 nabet,
945 2921 992 2985 qni
1012 2931 1064 2973 om·
1116 2954 1117 2957 η

225 3003 270 3055 nia
290 3005 360 3057 lacta
378 3014 427 3055 sua
445 3001 626 3055 cumconsilio
640 3003 976 3068 discretorumpertractat,
999 3008 1064 3069 duos

224 3088 248 3139 si
266 3100 372 3152 semper
388 3089 486 3141 haltere
513 3097 565 3139 uon
587 3092 690 3150 potest,
720 3090 824 3153 singola
851 3102 931 3155 opera
961 3104 1013 3144 sua
1038 3094 1066 3145 et

224 3175 332 3238 negotia
351 3177 379 3229 in
397 3166 557 3228 conscientia
575 3186 623 3226 sua
641 3186 728 3229 coram
742 3176 794 3229 oea
805 3188 862 3229 cum
880 3188 946 3230 vera
965 3178 1064 3231 discre-
