2384 3759
533 407 584 460 133

139 549 295 603 eomeoleinr
311 547 340 598 in
358 547 610 612 loeomnnnissimo,
630 548 690 613 quia
704 549 843 604 dulcedine
861 553 976 616 eorporis

137 637 249 698 Domini,
269 645 321 699 qua
333 634 377 686 hie
388 634 519 698 pascimur
531 634 558 686 in
570 636 703 688 valamine
716 641 742 689 et
755 644 928 702 sacramento,
944 649 976 692 ea

138 722 263 774 fruuntur
296 720 369 773 beati
395 719 497 772 visione
524 722 664 774 manifeste
693 723 720 774 in
739 725 820 776 coelo.
857 723 975 778 vincenii

139 809 203 861 labo
216 819 318 860 manna
329 807 526 871 absconditum
539 807 636 870 (Aroe.
651 805 677 870 2,
694 804 751 869 il.)
764 807 782 859 i.
798 819 821 860 a.
836 809 974 874 meipsum,

138 895 181 959 oni
207 903 269 945 snm
287 892 365 956 panis
383 892 462 954 vitae,
491 893 558 957 qnod
577 905 690 946 manna:
712 899 738 945 et
765 895 787 946 si
806 899 868 946 luno
886 898 976 948 maneo

139 979 332 1040 absconditum,
360 979 422 1029 tone
447 977 494 1030 liei
510 978 679 1030 manlioslom
710 978 808 1032 hahens
833 979 917 1031 omnis
934 992 975 1031 sa·

138 1067 209 1130 noris
236 1064 404 1116 suavitatem.
442 1063 602 1127 adimplebis
629 1075 672 1116 me
691 1065 793 1118 laelitie
812 1077 870 1118 com
889 1067 973 1130 milo,

137 1153 256 1206 satiabor
274 1163 334 1204 eum
352 1151 502 1214 apparuerit·
519 1152 605 1214 gloria
624 1155 676 1203 lna.
696 1153 752 1214 (Po.
773 1149 816 1204 15.
837 1149 896 1214 11.)

479 1298 635 1309 ..ι-*-

442 1409 599 1480 CAPUT
627 1411 669 1478 V.

153 1552 203 1608 llo
222 1550 318 1606 teriia
336 1565 434 1605 eausa
453 1551 672 1630 insulanensis,
697 1567 779 1622 quae
799 1554 847 1608 est
865 1553 957 1608 olous

481 1637 633 1694 hominis.

208 1762 284 1814 circa
315 1763 374 1824 hoo,
404 1763 472 1826 qood
496 1763 621 1815 Dominus
648 1773 742 1826 eorpus
770 1775 845 1816 suom
873 1763 918 1814 dat
948 1762 975 1814 ln

136 1850 234 1910 einum,
254 1847 353 1912 triplex
365 1853 452 1912 oniesi
470 1851 537 1902 ratio
549 1850 696 1914 sapientire
714 1851 761 1903 liei
780 1849 916 1914 msignari,
936 1861 973 1901 se.

136 1935 245 1988 livinae
264 1932 432 1986 liberalitatis
450 1935 613 1999 magnienia.
652 1938 715 1990 cnm
735 1937 804 1989 enirn
823 1947 923 1988 snrnrne
942 1935 977 1986 sil

136 2022 239 2084 bonus,
268 2030 370 2072 sumnia
397 2032 456 2073 enm
475 2021 552 2074 deaei
573 2021 732 2087 liberalitem
760 2023 806 2074 sed
825 2022 900 2074 nulla
926 2022 976 2072 iren

135 2108 221 2171 major
250 2115 311 2156 esse
336 2109 430 2173 potest.
481 2107 608 2161 Probatur
633 2111 719 2160 antem
749 2109 804 2172 ojus
831 2107 976 2159 linerolilos

134 2196 162 2246 in
193 2194 246 2244 hoo
272 2191 342 2242 iaelo
369 2196 494 2256 quonlam
523 2195 555 2246 ai
587 2195 652 2248 tria:
683 2195 779 2258 primo,
798 2197 923 2259 qnantum
942 2193 976 2245 aa

134 2277 360 2344 magnificentiam
387 2278 463 2332 doni:
482 2281 598 2332 secundo
618 2283 743 2344 quantun
761 2280 793 2332 ad
812 2279 976 2332 nobililalem

133 2366 234 2427 laniis,
255 2363 333 2416 terlio
352 2370 476 2428 qnantum
495 2367 527 2418 ad
546 2367 688 2420 nlililalem
708 2366 869 2428 accipientis.

207 2450 296 2504 Primo
314 2455 439 2514 quantam
459 2453 492 2504 ad
510 2452 732 2516 magnificentiam
750 2453 820 2516 doni,
841 2453 902 2517 quia
922 2455 976 2506 lar*
1059 2440 1061 2444 ’

136 2538 207 2602 gilot
224 2536 342 2588 omniurn
360 2536 487 2590 bonorum
507 2539 534 2590 in
552 2542 603 2592 noe
616 2541 779 2591 sacramento
800 2539 843 2592 alal
861 2539 975 2604 seipsum

136 2629 164 2676 et
181 2625 233 2676 hoo
251 2623 414 2686 largissime,
436 2624 495 2688 qnia
514 2625 559 2677 dat
576 2626 710 2690 proprium
730 2637 823 2689 eorpus
842 2625 869 2678 in
888 2627 975 2678 eibum

136 2710 284 2774 seramdom
302 2711 370 2774 qood
389 2710 454 2762 dieii
471 2713 562 2764 llaitln.
583 2707 626 2771 26,
647 2706 706 2762 io:
728 2711 840 2776 Accipite
860 2715 886 2764 ol
903 2722 977 2764 oom-

136 2797 217 2850 edile.
257 2796 305 2850 llio
323 2801 363 2848 est-
379 2809 496 2849 snmmns
515 2797 611 2861 malus
624 2795 729 2850 divinae
747 2797 875 2861 largitatis
895 2807 976 2861 qnan-

135 2888 193 2936 tum
217 2883 252 2934 ad
271 2883 376 2935 donam.
414 2884 461 2935 llio
488 2885 584 2947 grodns
603 2883 707 2947 quidam
734 2883 843 2946 proponi
866 2884 976 2944 possunt

135 2970 246 3024 divinoe
264 2970 407 3034 largitatis,
440 2970 533 3035 quinus
563 2969 663 3022 homini
690 2971 798 3032 largiens
823 2971 862 3020 esi
888 2965 977 3018 omnia

134 3058 207 3110 bona
226 3068 276 3108 soa
294 3060 321 3108 et
337 3056 376 3108 sia
393 3057 503 3120 polenii,
524 3057 592 3122 qual
613 3059 661 3110 linc
680 3059 720 3109 est
737 3067 862 3108 sommus.

210 3141 314 3196 Primos
327 3143 422 3207 gratim
441 3148 482 3196 est
499 3144 567 3207 qnod
580 3144 691 3206 largiens
710 3147 749 3193 est
761 3141 858 3192 homini
872 3140 974 3192 eoelum

135 3235 164 3286 et
174 3236 275 3284 terram
289 3234 318 3282 el
334 3241 424 3282 omnes
443 3229 635 3283 irrationabiles
652 3231 784 3280 creaturos
797 3225 828 3275 al
842 3225 977 3276 serviend-
