2384 3759
550 357 603 412 sil

161 497 277 566 ostendit
304 493 438 562 discipulis
464 510 558 552 munus
584 503 613 552 et
629 499 699 553 latus
721 513 757 554 sc.
776 507 921 569 cruentum,
940 517 993 560 non

161 587 247 638 solum
275 588 306 637 ut
332 595 377 636 eos
404 585 432 636 in
449 583 501 637 ilde
517 585 691 649 confortaret,
723 587 769 639 sed
788 595 817 641 ut
834 593 994 653 permultas

160 669 344 725 tribulationes
359 673 517 724 monstraret
532 671 691 733 exemplum.

500 815 657 830 Ἣ

423 930 579 1002 CAPUT
601 934 739 1003 XXIX.

160 1067 223 1126 llic
240 1070 392 1126 notantur
409 1071 474 1126 ires
492 1073 711 1142 quaestiones:
740 1075 767 1132 l.
787 1091 845 1132 cur
862 1075 925 1132 boc
943 1093 993 1134 su·
1011 1139 1018 1158 Ι

161 1157 361 1212 crumentum
388 1157 480 1212 delur
502 1159 563 1213 sub
590 1162 698 1230 specie
725 1161 859 1234 duplici3
885 1165 912 1220 2.
936 1180 995 1221 cur

160 1241 304 1314 populus
332 1256 398 1297 non
425 1243 523 1299 sumit
550 1246 739 1315 sanguinum
766 1247 801 1304 ut
827 1249 994 1320 sacerdos3

162 1327 189 1384 d.
215 1343 297 1398 quac
333 1330 500 1400 sanguinis
523 1330 643 1387 Cbrisli
668 1333 790 1390 utilitas
814 1336 932 1410 sumpti
960 1337 993 1406 in

472 1420 683 1476 sacramento.

234 1542 345 1606 scupus
367 1543 462 1598 consti
488 1544 572 1598 tribus
598 1545 684 1598 modis
709 1550 796 1610 potest
820 1546 993 1600 considerari:

160 1628 257 1692 prino,
286 1631 316 1680 ut
341 1629 369 1680 in
395 1641 473 1682 cruce
495 1630 529 1683 ab
546 1628 694 1683 inbdellbus
711 1631 846 1690 bonoilum
866 1633 993 1696 secundo,

161 1719 193 1768 ut
209 1716 237 1768 iu
254 1719 418 1768 aucmento
435 1715 584 1770 abdelibus
602 1718 728 1781 sublitum
746 1718 835 1780 tertio,
853 1720 996 1780 utpraeter

160 1804 360 1855 mouumentum*
389 1815 407 1854 a
435 1802 570 1856 salvandis
600 1802 774 1868 spiritualiter
806 1801 911 1856 bibitur.
958 1802 996 1856 be

160 1887 249 1952 primo
277 1887 355 1942 modo
380 1888 596 1942 considerationis
615 1888 670 1952 lam
691 1901 770 1954 supra
793 1888 891 1941 dictum
909 1892 950 1940 est
967 1890 995 1942 in

161 1971 264 2025 duobus
289 1974 427 2036 capitibus.
463 1975 583 2028 secondo
600 1971 689 2040 itaque
715 1974 793 2029 modo
815 1973 997 2028 consideratur

160 2060 271 2123 unguis
288 2059 391 2124 emisti,
422 2063 452 2113 ut
477 2061 506 2114 in
522 2065 687 2114 sacramento
713 2074 729 2113 a
746 2060 868 2114 fidelibus
884 2059 996 2112 sumitur

161 2149 190 2198 et
207 2145 278 2200 circa
295 2148 345 2200 boc
362 2146 414 2198 tria
430 2159 510 2210 supra
526 2151 616 2202 notata
634 2150 801 2212 quaeruntur.

232 2231 318 2287 Primo
335 2231 480 2297 quaeritur,
509 2245 588 2297 poue
610 2237 800 2286 mouumentum
817 2233 930 2286 sumitur
945 2231 995 2284 sub

160 2318 250 2382 specie
277 2318 376 2382 duplici
393 2317 445 2371 cibi
463 2324 490 2372 et
507 2322 584 2384 potus
605 2321 661 2375 sive
679 2322 755 2386 panis
772 2326 800 2374 et
817 2321 888 2374 vini:
917 2321 995 2385 buius

160 2405 261 2469 triplex
286 2408 328 2458 est
344 2406 422 2458 ratio.
458 2406 537 2460 Primi
554 2408 588 2459 ad
606 2407 703 2471 regalis
725 2406 839 2462 convivii
858 2405 994 2470 porrectio

160 2488 238 2556 nern3
267 2492 383 2546 secunda
408 2493 442 2544 ad
460 2492 667 2556 redemptionem
693 2503 830 2557 corporum
847 2497 994 2546 nostrornm

162 2582 198 2630 et·
209 2578 354 2632 animarum
375 2579 455 2631 simul
472 2578 678 2644 saginatiouem3
696 2580 773 2632 tortia
791 2580 994 2634 admemoriam

160 2665 292 2730 passionis
308 2664 455 2720 dominicae
470 2665 596 2728 maiorem
614 2667 888 2730 repraesentationem.

233 2752 270 2804 be
286 2753 370 2816 primo
387 2753 479 2804 bstber
491 2748 530 2802 1.:
550 2751 605 2804 ilex
622 2754 747 2806 Assuerus
765 2753 842 2805 terlio
861 2763 929 2804 unno
946 2749 995 2804 im·

160 2838 230 2904 perii
258 2839 301 2891 sui
318 2838 382 2891 iecit
410 2837 510 2902 pande
536 2837 687 2892 convivium
712 2838 812 2892 cunctis
833 2832 995 2902 principibus

161 2930 191 2978 et
206 2924 296 2989 pueris
312 2926 376 2978 suis.
406 2922 471 2978 'cibi
489 2924 678 2989 inferebantur,
707 2926 798 2978 viuum
824 2935 937 2989 quoque,
965 2925 996 2974 ut

160 3011 355 3077 magnificentia
383 3011 458 3077 regia
482 3011 590 3076 dignum
613 3015 679 3066 erat·
714 3011 770 3064 Rex
798 3009 847 3064 iste
864 3007 996 3074 significat

161 3099 303 3163 christum,
330 3099 375 3164 oui
401 3098 479 3152 teudo
492 3107 565 3152 anno
592 3099 610 3151 i.
631 3110 654 3150 e.
676 3102 793 3160 tenpore
812 3095 914 3160 gratiae
932 3095 995 3148 lecit

160 3184 312 3240 conuiuium
339 3171 447 3238 cibi’et
466 3189 545 3249 potus
570 3186 672 3250 napnis
695 3191 722 3237 et
747 3183 835 3246 pueris
861 3181 992 3234 bdelibus.
