2384 3759
611 385 663 443 tlt

287 529 408 584 secunda
424 541 486 595 pars
503 528 581 592 butus
599 527 697 593 figurae
715 531 777 581 suut
793 529 894 581 lercula
911 527 973 590 tria,
994 540 1052 580 cum

217 617 311 683 qulbus
322 616 443 669 solebant
454 627 551 679 agnum
563 615 722 668 manducare
739 627 775 668 sc.
791 615 909 667 lactucae
922 617 1051 678 agrestes,

217 713 300 765 panes
326 701 411 765 ammi
438 704 466 753 et
491 700 599 762 sanguis
624 700 695 762 agni.
708 699 772 761 (Ea.
785 697 828 762 12,
840 695 881 761 8.)
922 699 1052 752 Lactucae

217 789 335 852 agrastes
352 775 505 852 significant
521 786 640 838 dolorem
658 785 691 838 de
708 785 836 850 peccatis,
864 798 948 852 panes
968 785 1052 850 azyud

217 873 442 927 -intentionem
467 885 560 938 puram
587 883 648 924 cum
673 871 795 934 operibus
820 869 913 934 bonis,
943 872 1052 935 sangnis

217 961 280 1024 agni
295 987 330 997 -
347 961 499 1014 memoriam
516 963 543 1012 et
559 957 733 1011 imitationem
746 958 891 1011 dominicae
903 957 1049 1022 passionis3

216 1046 310 1112 auibus
327 1049 478 1112 praeparari
495 1047 574 1100 debet
600 1045 689 1099 anima
706 1043 799 1097 ddelis.
844 1044 940 1108 drea:
959 1043 1051 1097 Lactu-

216 1144 265 1185 cae
283 1123 400 1198 agrestes
417 1133 494 1185 ualde
511 1143 617 1186 amarae
629 1135 700 1196 sunt,
721 1143 812 1185 carnes
829 1142 892 1184 vero
909 1132 974 1194 agni
991 1142 1051 1184 cnm

198 1207 259 1272 'iris
275 1219 452 1272 comedendae
469 1221 540 1284 sunt,
568 1217 630 1283 quia
648 1229 707 1271 aum
725 1229 819 1281 corpus
837 1217 935 1272 Christi
953 1218 1051 1282 accipi·

215 1315 284 1365 mus,
314 1303 453 1368 compungi
479 1315 527 1367 pro
552 1305 668 1367 peccatis
686 1303 819 1371 debemus,
845 1307 875 1357 nt
901 1304 1051 1358 amaritudo

215 1387 394 1453 poenitentiae
412 1389 545 1454 abstergat
561 1401 678 1444 amorem
695 1401 834 1458 perversae
851 1390 931 1444 vitae.
966 1392 1052 1444 Panes

215 1473 273 1526 sine
299 1470 427 1528 fermento
463 1475 590 1541 eomedit,
624 1475 670 1543 qui
705 1481 777 1530 recta
803 1489 882 1542 opera
908 1477 967 1530 sine
993 1489 1051 1532 cor·

214 1559 335 1624 ruptione
347 1560 432 1614 inanis
444 1563 543 1626 gloriae
555 1563 620 1616 lacit
631 1565 663 1616 de
679 1564 809 1617 termento
821 1563 947 1617 malitiae.
965 1565 1050 1617 Panes

215 1645 272 1698 sine
291 1647 420 1700 termento
437 1649 556 1702 malitiae
573 1651 723 1714 manducat,
744 1651 787 1716 qni
806 1662 884 1714 opere
901 1650 1051 1703 misericor·

214 1732 275 1786 diae
301 1733 359 1786 sine
376 1726 477 1798 peccati
494 1735 652 1788 admistione
670 1735 789 1796 exhibet,
813 1747 848 1787 ne
866 1746 990 1799 perverse
1008 1747 1049 1787 ra·

214 1819 281 1883 piat,
305 1820 374 1884 quod
392 1821 467 1886 quasi
492 1825 563 1873 reete
581 1821 723 1885 dispensat.
760 1821 871 1886 sangnis
889 1821 952 1885 agni
969 1831 1050 1885 snper

214 1908 353 1971 utrumque
371 1912 472 1970 postem
492 1907 608 1970 ponitur,
628 1907 731 1972 qnando
750 1921 803 1960 non
823 1909 909 1960 solum
926 1919 972 1960 ore
991 1920 1049 1960 cor·

213 1993 284 2055 poris
301 1993 349 2044 sed
367 1994 446 2068 etiam
464 1994 617 2046 oramentis
635 1994 754 2046 hauritur
777 1996 803 2046 et
821 1995 854 2046 ad
870 1994 1048 2046 imitationem

214 2077 316 2131 intenta
332 2084 421 2133 mente
433 2080 570 2142 cogitatur.
592 2080 657 2132 llam
676 2079 720 2144 qui
733 2081 770 2134 sic
782 2080 969 2145 redemptionis
988 2093 1048 2132 san-

213 2165 319 2228 guinem
337 2167 441 2229 accipit,
471 2170 501 2218 nt
526 2165 624 2218 imitari
641 2165 789 2228 passionem
816 2179 864 2219 neo
888 2167 952 2219 dum
969 2168 1046 2230 velit,

213 2250 241 2302 in
258 2263 312 2302 uno
330 2255 431 2304 tanturn
449 2255 525 2315 poste
543 2252 699 2315 sanguinem
718 2252 800 2314 pontt.
828 2255 894 2306 ltern
912 2252 941 2304 in
957 2265 1049 2316 super-

212 2336 377 2390 liminaribus
402 2339 538 2402 ponendus
556 2341 597 2391 est
614 2339 721 2401 sanguis
740 2338 810 2403 agni,
839 2341 972 2403 quianon
992 2343 1048 2393 tan·

213 2423 269 2473 tum
295 2423 323 2473 ln
340 2426 466 2476 memoria
493 2424 586 2476 sedin
605 2425 744 2476 manilesto
769 2425 867 2488 portari
886 2424 967 2479 debet
984 2439 1048 2480 arur

212 2505 356 2568 passionis:
377 2508 503 2572 stigmata
516 2510 617 2563 bomlnl
634 2511 696 2562 lesu
714 2509 742 2561 in
759 2521 864 2574 corpore
881 2522 943 2563 meo
961 2515 1046 2576 porto.

212 2589 288 2651 (dal.
302 2585 328 2650 6,
345 2587 401 2654 ll.)

282 2676 368 2728 tertia
385 2688 445 2738 pars
464 2679 521 2742 elus
538 2682 639 2746 ligorae
655 2686 698 2735 est
715 2683 833 2748 habitus,
862 2683 919 2738 slve
939 2685 990 2738 tria
1008 2687 1047 2738 in-

212 2759 298 2825 signia
311 2761 425 2824 illorum,
445 2765 488 2826 qul
500 2769 847 2834 manducaveruntagnum3
866 2783 902 2822 sc.
922 2772 1046 2836 cingulus

212 2858 313 2911 renum,
342 2847 520 2905 calceamenta
548 2855 655 2920 pedum,
687 2857 796 2908 baculus
825 2868 961 2911 manuum.
980 2859 1043 2922 (dc.

213 2929 329 2994 1211.)
364 2932 477 2983 Primum
494 2935 617 2999 designat
643 2941 729 2993 carnis
752 2943 891 2994 comantis
909 2945 1044 3002 continau-

211 3017 285 3076 tlam,
295 3015 439 3067 secundnm
452 3023 631 3082 exemplorum
643 3015 748 3082 Petrum
761 3029 916 3094 custodiam,
936 3032 1043 3084 tertium

211 3100 335 3153 vitiorum
351 3101 499 3152 nostrorum
514 3109 700 3165 correctionem
718 3119 746 3168 et
762 3116 905 3180 exiguntur
921 3117 957 3170 ad
975 3129 1044 3172 cam·

212 3184 401 3236 manicantlum
419 3192 651 3252 praeparationem.
