2384 3759
633 346 679 401 ΧΠ

241 483 317 551 divo
343 481 446 548 Paulo
483 489 516 547 et
541 479 729 567 Augustino
765 480 852 544 viam
888 489 1076 546 constanter

239 595 337 670 tenet,
374 583 454 652 dans
477 583 550 651 Deo
572 583 637 650 soli
661 583 820 671 gloriam,
857 583 956 668 inque
977 583 1074 650 bonis

240 689 393 777 operibus
431 692 593 776 justorum
634 694 668 753 et
702 685 861 755 humanae
896 685 1074 752 veluntatis

239 794 362 876 merita,
379 803 411 861 et
422 791 550 859 divinae
565 789 726 878 largitatis
737 812 870 856 munera
880 811 1073 876 agnoscens.

325 897 486 984 Epilogus
523 895 692 962 auetoris
733 893 776 960 sit
812 903 846 959 et
879 891 1072 978 Epilogus

237 1001 464 1089 praefantis3
501 1021 577 1066 nam
599 1021 666 1084 que
686 999 831 1080 ratione,
866 994 1073 1062 dilectissimi

236 1107 363 1188 fratres,
385 1105 492 1190 legere
513 1125 573 1170 vos
595 1100 910 1192 oporteet,·ipsimet
931 1099 1072 1183 perbene

235 1209 351 1275 nostis.
378 1205 541 1274 'Perbene
576 1206 701 1290 nostis,
741 1206 804 1270 ite
823 1201 963 1292 legende
998 1226 1072 1270 esse

236 1311 419 1398 sapientum
434 1311 566 1395 monita,
587 1320 635 1395 ut,
658 1333 740 1396 quse
754 1309 952 1391 lente-sunt.
965 1317 999 1374 et
1020 1309 1070 1374 in·

82 1485 83 1508 ,
237 1415 412 1502 telligatis,
435 1415 599 1482 intelleeta
619 1415 654 1480 in
675 1415 789 1481 intimo
810 1411 910 1480 eorde
930 1435 1070 1498 repona-

124 1549 126 1554 ¹
235 1518 293 1602 tie,
330 1517 472 1605 reposita
506 1517 564 1585 din
589 1528 752 1604 noctuque
777 1517 946 1584 vobiscum
962 1519 1069 1584 rumi-

235 1621 334 1704 netis,
370 1621 429 1706 ita,
467 1630 503 1687 ut
530 1645 571 1687 ex
596 1623 638 1688 iis
663 1644 729 1688 non
755 1621 861 1687 solum
882 1621 1069 1686 bonorum

235 1727 523 1812 propositorum
558 1725 695 1808 ssores,
732 1723 792 1790 sed
820 1734 867 1807 et,
905 1723 996 1809 qued
1021 1725 1070 1792 rei

235 1839 334 1916 eaput
344 1839 404 1914 est,
426 1829 612 1895 bonorum
627 1851 783 1915 operum
804 1828 953 1894 fruetus
977 1851 1068 1895 enes-

235 1943 361 2018 cantur,
400 1931 554 2019 quodque
576 1932 678 1998 Poeta
705 1930 746 1997 de
770 1932 847 1997 vitis
873 1930 1068 2000 Sanctorum

233 2037 348 2104 effatus
371 2048 434 2104 est:

321 2140 534 2223 „Sanetorum
555 2139 638 2204 vitas
659 2137 785 2224 legere,
808 2149 842 2205 et
858 2163 928 2205 non
947 2140 1068 2225 vivere,

861 2243 982 2310 frustra
1003 2255 1066 2325 est3

321 2343 514 2412 Sanctorum
534 2346 619 2414 vites
642 2345 760 2434 degite,
781 2370 848 2414 non
868 2347 1001 2435 legite;“

233 2447 320 2513 idem
352 2446 392 2514 de
414 2448 542 2516 Alberti
571 2451 783 2518 virtutibus
805 2453 907 2518 veris
929 2462 962 2519 et
983 2476 1067 2539 per-

233 2551 348 2618 fectis
371 2551 494 2618 dietum
515 2554 628 2621 velim:
743 2568 747 2574 '

303 2653 483 2722 Virtutes
506 2661 579 2723 nen
600 2657 801 2745 legendas,
825 2658 894 2726 sed
913 2659 1068 2727 imitan-

232 2754 316 2842 das,
348 2781 422 2825 non
443 2759 642 2848 legendas,
674 2761 742 2828 sed
764 2763 948 2830 vivendas
971 2788 1068 2834 esse.

321 2943 486 3009 Ratisbonre,

257 3009 544 3106 D⁰m¹¹¹¹⁰igggf¹²⁶⁰⁰⁵t⁹⁸'

811 3151 845 3219 J.
868 3152 918 3217 M.
941 3153 977 3223 S.
