2384 3759
542 395 594 455 iio

141 534 318 597 inspectionis
336 535 409 589 vaiet
427 535 461 587 ad
473 546 520 586 uos
539 540 671 599 apeeeato
684 539 892 593 custodiendum.
922 542 982 595 ier·

143 621 203 673 tiae
221 621 268 683 rei,
288 633 326 673 so.
348 620 460 673 districti
476 619 572 683 indicis
590 623 663 677 valet
687 624 720 677 ad
739 624 906 679 excitandum
924 638 980 690 nos,

141 709 177 758 ut
211 717 401 771 praeparemur
429 708 521 759 eontra
548 707 666 761 futurum
695 709 829 772 judicium.
867 711 981 765 Primum

142 792 211 845 iaeit
228 803 277 844 nos
296 792 392 844 bonum
411 792 532 859 diligere,
549 794 693 847 secuudum
711 796 809 849 maium
827 794 910 858 odire,
930 801 981 849 ter·

142 876 214 929 tium
243 877 386 930 imminens
412 878 557 941 perieninm
585 890 752 943 praecavere.
773 882 861 934 -De
883 882 979 945 primo:

142 963 285 1017 conanti
303 975 348 1016 oor
364 974 451 1017 meum
471 964 539 1016 intra
556 976 607 1016 me.
625 963 682 1028 (Pa.
701 962 745 1028 38,
763 962 806 1027 4.)
841 966 979 1021 Bernurd.:

141 1051 230 1113 snper
246 1049 338 1101 omnia
351 1052 377 1099 te
389 1049 453 1101 mitri
464 1048 550 1101 reddit
562 1049 710 1112 amabilem,
728 1052 789 1103 iesu
802 1053 878 1113 ione,
900 1054 978 1117 calix,

141 1147 222 1199 quem
231 1135 332 1198 bibisti,
342 1146 408 1199 opus
417 1135 606 1200 redemptionis
615 1148 698 1189 meae.
712 1138 812 1199 Quanto
821 1150 867 1203 pro
879 1150 921 1191 me
932 1142 980 1193 Do·

142 1221 234 1272 minus
252 1220 338 1272 iaetus
350 1221 490 1282 1111111111,
509 1224 582 1273 tanto
600 1220 664 1272 mitri
683 1223 767 1275 taetus
786 1230 824 1277 est
836 1226 926 1277 ourior.
945 1252 980 1263 -
1009 1267 1017 1281 .

141 1306 181 1358 ne
210 1304 345 1357 seeundo:
384 1306 470 1357 Timor
491 1306 593 1358 Domini
620 1306 676 1359 odit
700 1310 807 1363 maium.
834 1312 930 1372 (Pron.
951 1308 977 1376 8,

141 1387 208 1454 13.;
236 1389 275 1453 cf.
304 1391 380 1443 dccl.
407 1387 458 1452 23,
478 1388 525 1455 25;
557 1390 650 1457 uait,
671 1390 728 1456 12.)
763 1396 854 1450 Boet:
886 1400 979 1463 stagno

144 1477 224 1529 nobis
243 1476 344 1529 indicta
362 1478 404 1528 esi
420 1478 565 1529 umassitas
583 1478 651 1530 bene
669 1479 775 1532 vivendi
794 1495 852 1535 eum
871 1496 979 1547 agamus

141 1561 233 1615 omia
252 1566 315 1613 ante
333 1562 424 1615 oculus
439 1562 536 1625 iudicis
554 1566 648 1615 cuneta
661 1562 800 1619 cernentis.
820 1595 854 1604 -
873 1570 908 1621 De
927 1573 979 1623 ter·

143 1648 195 1700 tio:
215 1646 358 1701 sanctiora
370 1649 494 1711 poputum
513 1651 540 1701 et
556 1650 610 1701 siut
627 1651 711 1715 parati
730 1652 757 1704 in
770 1652 838 1707 diem
858 1654 977 1706 tertium:

143 1734 187 1787 die
205 1736 278 1786 enim
296 1735 373 1787 tertio
391 1734 532 1786 descendet
553 1735 677 1787 Dominus
695 1748 782 1790 corum
798 1738 869 1793 omni
887 1738 977 1801 piebe3

144 1817 250 1880 (deod.
273 1816 316 1881 19,
336 1816 394 1881 10.)
421 1821 495 1885 quasi
514 1820 628 1875 diceret:
656 1825 822 1887 Mementote,
851 1826 912 1890 outa
930 1826 978 1878 Do·

142 1908 233 1959 miuus
264 1905 391 1958 terribilis
409 1905 551 1958 descendet
576 1908 609 1959 ad
637 1908 781 1963 districtum
798 1910 923 1974 ludiotum
952 1914 979 1963 et

143 1993 204 2045 ideo
223 1994 311 2045 estote
328 1992 413 2056 parati
440 1992 467 2043 in
495 1993 563 2045 diem
592 1996 707 2047 tertium.
745 1996 845 2049 Primus
863 1997 919 2049 dies
938 2000 979 2049 est

142 2079 201 2132 dies
219 2080 327 2131 nostrae
344 2079 501 2140 natiuitatis,
529 2082 660 2133 secundus
678 2087 783 2134 nostrae
801 2082 978 2137 conversatio·

141 2167 194 2229 uis,
215 2164 310 2217 tertius
329 2164 385 2217 dies
402 2166 493 2217 mortis
511 2166 554 2218 vel
566 2166 695 2219 adventus
714 2167 823 2219 districti
840 2167 939 2230 ludicii.

213 2252 244 2303 ln
262 2251 462 2313 praeparatione
489 2251 665 2314 adjudicium
684 2253 780 2305 debent
806 2255 856 2306 tria
876 2255 976 2320 notari3

142 2349 178 2389 se.
207 2335 320 2399 modus,
348 2334 512 2400 prouidentia
542 2349 595 2391 nou
627 2342 838 2400 praeparatorum
866 2352 976 2404 poenam

142 2423 268 2485 euadere,
288 2424 388 2475 lucrum
407 2434 466 2475 oum
484 2426 648 2487 praeparatis
666 2426 899 2479 vitumueternum
918 2439 976 2491 pos·

142 2510 241 2561 sidere.
254 2534 290 2544 -
302 2508 338 2560 De
350 2510 447 2573 primo:
462 2510 653 2563 Poenttentiam
665 2513 744 2576 agite,
760 2514 977 2581 appropinquabit

142 2595 215 2647 enim
233 2606 343 2659 regnum
362 2597 502 2649 coetorum.
538 2596 649 2659 (Macci.
670 2594 696 2656 3,
716 2595 758 2664 2.;
777 2598 814 2663 cf.
835 2602 910 2655 dccl.
931 2598 973 2663 18,

142 2679 204 2746 19.;
232 2682 299 2733 loe!
314 2677 339 2744 2,
359 2679 416 2741 11.)
435 2708 468 2717 -
486 2684 523 2735 De
540 2684 672 2747 secundm
691 2685 718 2736 si
737 2686 815 2738 sciret
827 2688 975 2750 paterfami-

143 2767 366 2829 diastematis.
388 2766 431 2832 12,
450 2765 510 2834 39.;
533 2769 572 2833 cf.
591 2774 674 2835 Apoc.
697 2768 738 2832 18,
757 2770 799 2839 d.)
818 2800 851 2810 —-
870 2775 906 2825 De
925 2776 975 2823 ter·

143 2856 194 2907 tto:
224 2856 289 2909 curn
319 2855 407 2909 iatnae
425 2854 548 2920 virgines,
577 2855 594 2909 i.
616 2868 640 2908 e.
667 2858 771 2910 animae
797 2870 849 2911 nou
868 2860 975 2920 paratae

143 2942 216 2994 trent
233 2952 321 2994 emere
339 2942 371 2995 ad
390 2944 475 2995 rorum
494 2942 593 2995 diaboii
612 2954 670 2995 oum
688 2944 740 2996 Eva
760 2945 801 2996 vet
821 2955 880 2996 eum
898 2942 972 3002 dina,

142 3028 189 3081 nit
208 3038 256 3091 pro
272 3012 374 3080 modioa
392 3040 421 3080 se
438 3030 503 3083 dant
519 3030 604 3081 muita
621 3028 698 3091 bone,
722 3030 794 3081 venit
821 3039 930 3092 sponsus
949 3032 976 3081 et

144 3126 213 3178 qnae
231 3117 339 3176 paratae
357 3119 432 3170 erant
449 3114 564 3178 (Mutii.
584 3111 629 3177 25,
649 3112 706 3173 10.)
725 3118 774 3165 eto.
796 3140 829 3149 -
848 3114 912 3163 Ecce
930 3115 975 3165 tri·

143 3200 208 3264 piex
226 3199 328 3252 tuorum
345 3201 554 3264 praeparationis
582 3200 616 3251 ad
642 3199 769 3261 judicium
791 3210 826 3247 se.
846 3199 975 3258 possessio
