<?xml version="1.0" encoding="UTF-8"?>
<!DOCTYPE html PUBLIC "-//W3C//DTD XHTML 1.0 Transitional//EN"
    "http://www.w3.org/TR/xhtml1/DTD/xhtml1-transitional.dtd">
<html xmlns="http://www.w3.org/1999/xhtml" xml:lang="en" lang="en">
 <head>
  <title>
</title>
<meta http-equiv="Content-Type" content="text/html;charset=utf-8" />
  <meta name='ocr-system' content='tesseract 3.04.00' />
  <meta name='ocr-capabilities' content='ocr_page ocr_carea ocr_par ocr_line ocrx_word'/>
</head>
<body>
  <div class='ocr_page' id='page_1' title='image "./paradisusanimae00sailgoog_0024.png"; bbox 0 0 2384 3759; ppageno 0'>
   <div class='ocr_carea' id='block_1_1' title="bbox 639 343 657 396">
    <p class='ocr_par' dir='ltr' id='par_1_1' title="bbox 639 343 657 396">
     <span class='ocr_line' id='line_1_1' title="bbox 639 343 657 396; baseline 0 0"><span class='ocrx_word' id='word_1_1' title='bbox 639 343 657 396; x_wconf 78' lang='lat'><strong>2</strong></span> 
     </span>
    </p>
   </div>
   <div class='ocr_carea' id='block_1_2' title="bbox 231 475 1114 1394">
    <p class='ocr_par' dir='ltr' id='par_1_2' title="bbox 232 475 1114 1020">
     <span class='ocr_line' id='line_1_2' title="bbox 303 475 1114 549; baseline 0.007 -17"><span class='ocrx_word' id='word_1_2' title='bbox 303 477 329 533; x_wconf 84' lang='lat'><strong>2.</strong></span> <span class='ocrx_word' id='word_1_3' title='bbox 350 475 421 532; x_wconf 83' lang='lat' dir='ltr'>Sunt</span> <span class='ocrx_word' id='word_1_4' title='bbox 437 477 520 533; x_wconf 86' lang='lat' dir='ltr'><strong>etiam</strong></span> <span class='ocrx_word' id='word_1_5' title='bbox 538 477 673 546; x_wconf 82' lang='lat' dir='ltr'><strong>quaedam</strong></span> <span class='ocrx_word' id='word_1_6' title='bbox 691 478 807 534; x_wconf 83' lang='lat' dir='ltr'><strong>virtutes</strong></span> <span class='ocrx_word' id='word_1_7' title='bbox 822 479 970 549; x_wconf 65' lang='lat' dir='ltr'><strong>murales,</strong></span> <span class='ocrx_word' id='word_1_8' title='bbox 986 480 1071 549; x_wconf 82' lang='lat' dir='ltr'><strong>quasi</strong></span> <span class='ocrx_word' id='word_1_9' title='bbox 1113 488 1114 539; x_wconf 54' lang='grc' dir='ltr'><strong>ζ</strong></span> 
     </span>
     <span class='ocr_line' id='line_1_3' title="bbox 235 569 1114 630; baseline 0.005 -4"><span class='ocrx_word' id='word_1_10' title='bbox 235 571 396 628; x_wconf 79' lang='lat' dir='ltr'><strong>naturaliter</strong></span> <span class='ocrx_word' id='word_1_11' title='bbox 425 569 581 627; x_wconf 90' lang='lat' dir='ltr'><strong>hominibus</strong></span> <span class='ocrx_word' id='word_1_12' title='bbox 610 571 797 627; x_wconf 66' lang='lat' dir='ltr'><strong>inhaerentes:</strong></span> <span class='ocrx_word' id='word_1_13' title='bbox 828 574 901 626; x_wconf 88' lang='lat' dir='ltr'><strong>sicut</strong></span> <span class='ocrx_word' id='word_1_14' title='bbox 932 575 1070 630; x_wconf 81' lang='lat' dir='ltr'><strong>naturalis</strong></span> <span class='ocrx_word' id='word_1_15' title='bbox 1113 608 1114 619; x_wconf 30' lang='grc' dir='ltr'><strong>κ</strong></span> 
     </span>
     <span class='ocr_line' id='line_1_4' title="bbox 233 665 1114 738; baseline 0.002 -16"><span class='ocrx_word' id='word_1_16' title='bbox 233 665 388 736; x_wconf 73' lang='lat' dir='ltr'><strong>humilitas,</strong></span> <span class='ocrx_word' id='word_1_17' title='bbox 405 665 578 738; x_wconf 79' lang='lat' dir='ltr'><strong>benignitas,</strong></span> <span class='ocrx_word' id='word_1_18' title='bbox 596 665 748 734; x_wconf 83' lang='lat' dir='ltr'><strong>modestia,</strong></span> <span class='ocrx_word' id='word_1_19' title='bbox 765 665 894 737; x_wconf 73' lang='lat' dir='ltr'><strong>largitas,</strong></span> <span class='ocrx_word' id='word_1_20' title='bbox 912 668 1070 724; x_wconf 73' lang='lat' dir='ltr'><strong>miserioon</strong></span> <span class='ocrx_word' id='word_1_21' title='bbox 1113 706 1114 715; x_wconf 24' lang='grc' dir='ltr'><strong>η</strong></span> 
     </span>
     <span class='ocr_line' id='line_1_5' title="bbox 234 759 1069 830; baseline 0.002 -14"><span class='ocrx_word' id='word_1_22' title='bbox 234 759 290 828; x_wconf 87' lang='lat' dir='ltr'><strong>dia,</strong></span> <span class='ocrx_word' id='word_1_23' title='bbox 309 760 450 830; x_wconf 86' lang='lat' dir='ltr'><strong>patientia.</strong></span> <span class='ocrx_word' id='word_1_24' title='bbox 485 761 536 816; x_wconf 89' lang='lat' dir='ltr'><strong>His</strong></span> <span class='ocrx_word' id='word_1_25' title='bbox 554 760 697 830; x_wconf 83' lang='lat' dir='ltr'><strong>similiter,</strong></span> <span class='ocrx_word' id='word_1_26' title='bbox 723 767 806 830; x_wconf 81' lang='lat' dir='ltr'><strong>atque</strong></span> <span class='ocrx_word' id='word_1_27' title='bbox 831 761 966 816; x_wconf 70' lang='lat' dir='ltr'><strong>similibus</strong></span> <span class='ocrx_word' id='word_1_28' title='bbox 984 778 1069 818; x_wconf 88' lang='lat' dir='ltr'><strong>nemo</strong></span> 
     </span>
     <span class='ocr_line' id='line_1_6' title="bbox 232 855 1068 926; baseline 0.002 -16"><span class='ocrx_word' id='word_1_29' title='bbox 232 862 352 912; x_wconf 83' lang='lat' dir='ltr'><strong>meretur</strong></span> <span class='ocrx_word' id='word_1_30' title='bbox 367 855 518 926; x_wconf 85' lang='lat' dir='ltr'><strong>praemium</strong></span> <span class='ocrx_word' id='word_1_31' title='bbox 536 860 689 926; x_wconf 85' lang='lat' dir='ltr'><strong>aeternnm,</strong></span> <span class='ocrx_word' id='word_1_32' title='bbox 708 857 768 912; x_wconf 83' lang='lat' dir='ltr'><strong>sive</strong></span> <span class='ocrx_word' id='word_1_33' title='bbox 785 871 900 926; x_wconf 78' lang='lat' dir='ltr'><strong>regnum</strong></span> <span class='ocrx_word' id='word_1_34' title='bbox 916 856 994 926; x_wconf 85' lang='lat' dir='ltr'><strong>Dei,</strong></span> <span class='ocrx_word' id='word_1_35' title='bbox 1017 857 1068 912; x_wconf 82' lang='lat' dir='ltr'><strong>sed</strong></span> 
     </span>
     <span class='ocr_line' id='line_1_7' title="bbox 232 949 618 1020; baseline -0.013 -13"><span class='ocrx_word' id='word_1_36' title='bbox 232 949 300 1007; x_wconf 81' lang='lat' dir='ltr'><strong>solis</strong></span> <span class='ocrx_word' id='word_1_37' title='bbox 317 951 464 1006; x_wconf 81' lang='lat' dir='ltr'><strong>viitntihus</strong></span> <span class='ocrx_word' id='word_1_38' title='bbox 482 949 618 1020; x_wconf 79' lang='lat' dir='ltr'><strong>gratuitis</strong></span> 
     </span>
    </p>

    <p class='ocr_par' dir='ltr' id='par_1_3' title="bbox 231 1036 1114 1394">
     <span class='ocr_line' id='line_1_8' title="bbox 301 1036 1114 1114; baseline 0 -16"><span class='ocrx_word' id='word_1_39' title='bbox 301 1045 327 1100; x_wconf 81' lang='lat'><strong>3.</strong></span> <span class='ocrx_word' id='word_1_40' title='bbox 348 1044 418 1100; x_wconf 83' lang='lat' dir='ltr'><strong>Sunt</strong></span> <span class='ocrx_word' id='word_1_41' title='bbox 434 1045 518 1100; x_wconf 87' lang='lat' dir='ltr'><strong>etiam</strong></span> <span class='ocrx_word' id='word_1_42' title='bbox 536 1043 670 1112; x_wconf 85' lang='lat' dir='ltr'><strong>quaedam</strong></span> <span class='ocrx_word' id='word_1_43' title='bbox 688 1044 804 1098; x_wconf 83' lang='lat' dir='ltr'><strong>virtutes</strong></span> <span class='ocrx_word' id='word_1_44' title='bbox 821 1044 973 1114; x_wconf 80' lang='lat' dir='ltr'><strong>gratuitae,</strong></span> <span class='ocrx_word' id='word_1_45' title='bbox 997 1060 1067 1113; x_wconf 86' lang='lat' dir='ltr'><strong>quas</strong></span> <span class='ocrx_word' id='word_1_46' title='bbox 1113 1036 1114 1051; x_wconf 59' lang='lat'>¹</span> 
     </span>
     <span class='ocr_line' id='line_1_9' title="bbox 231 1119 1067 1208; baseline 0.002 -16"><span class='ocrx_word' id='word_1_47' title='bbox 231 1119 393 1205; x_wconf 68' lang='lat' dir='ltr'><strong>insipientes</strong></span> <span class='ocrx_word' id='word_1_48' title='bbox 404 1137 534 1207; x_wconf 81' lang='lat' dir='ltr'><strong>judicant</strong></span> <span class='ocrx_word' id='word_1_49' title='bbox 551 1151 612 1192; x_wconf 73' lang='lat' dir='ltr'><strong>eise</strong></span> <span class='ocrx_word' id='word_1_50' title='bbox 633 1138 709 1193; x_wconf 68' lang='lat' dir='ltr'><strong>vitii„</strong></span> <span class='ocrx_word' id='word_1_51' title='bbox 744 1138 821 1193; x_wconf 75' lang='lat' dir='ltr'><strong>sicut</strong></span> <span class='ocrx_word' id='word_1_52' title='bbox 832 1139 942 1208; x_wconf 68' lang='lat' dir='ltr'><strong>iustitia</strong></span> <span class='ocrx_word' id='word_1_53' title='bbox 955 1138 1067 1208; x_wconf 66' lang='lat' dir='ltr'><strong>jicie-</strong></span> 
     </span>
     <span class='ocr_line' id='line_1_10' title="bbox 231 1229 1065 1300; baseline 0.005 -16"><span class='ocrx_word' id='word_1_54' title='bbox 231 1234 277 1284; x_wconf 83' lang='lat' dir='ltr'><strong>tur</strong></span> <span class='ocrx_word' id='word_1_55' title='bbox 288 1243 351 1284; x_wconf 85' lang='lat' dir='ltr'><strong>csse</strong></span> <span class='ocrx_word' id='word_1_56' title='bbox 360 1229 507 1284; x_wconf 84' lang='lat' dir='ltr'><strong>severitas:</strong></span> <span class='ocrx_word' id='word_1_57' title='bbox 526 1230 668 1286; x_wconf 81' lang='lat' dir='ltr'><strong>maturitas</strong></span> <span class='ocrx_word' id='word_1_58' title='bbox 685 1237 799 1288; x_wconf 85' lang='lat' dir='ltr'><strong>vocatur</strong></span> <span class='ocrx_word' id='word_1_59' title='bbox 810 1232 885 1300; x_wconf 85' lang='lat' dir='ltr'><strong>apud</strong></span> <span class='ocrx_word' id='word_1_60' title='bbox 896 1247 945 1288; x_wconf 87' lang='lat' dir='ltr'><strong>eos</strong></span> <span class='ocrx_word' id='word_1_61' title='bbox 963 1234 1065 1288; x_wconf 85' lang='lat' dir='ltr'><strong>mentis</strong></span> 
     </span>
     <span class='ocr_line' id='line_1_11' title="bbox 231 1324 1067 1394; baseline 0.005 -14"><span class='ocrx_word' id='word_1_62' title='bbox 231 1324 398 1380; x_wconf 79' lang='lat' dir='ltr'><strong>amaritudo:</strong></span> <span class='ocrx_word' id='word_1_63' title='bbox 427 1325 603 1394; x_wconf 84' lang='lat' dir='ltr'><strong>providentia</strong></span> <span class='ocrx_word' id='word_1_64' title='bbox 628 1325 728 1380; x_wconf 87' lang='lat' dir='ltr'><strong>dicitur</strong></span> <span class='ocrx_word' id='word_1_65' title='bbox 751 1327 880 1382; x_wconf 81' lang='lat' dir='ltr'><strong>avaritia:</strong></span> <span class='ocrx_word' id='word_1_66' title='bbox 912 1328 1067 1384; x_wconf 88' lang='lat' dir='ltr'><strong>constantia</strong></span> 
     </span>
    </p>
   </div>
   <div class='ocr_carea' id='block_1_3' title="bbox 138 1419 1066 1490">
    <p class='ocr_par' dir='ltr' id='par_1_4' title="bbox 138 1419 1066 1490">
     <span class='ocr_line' id='line_1_12' title="bbox 138 1419 1066 1490; baseline 0.003 -16"><span class='ocrx_word' id='word_1_67' title='bbox 138 1440 140 1446; x_wconf 59' lang='lat'><strong><em>¹</em></strong></span> <span class='ocrx_word' id='word_1_68' title='bbox 231 1419 333 1474; x_wconf 82' lang='lat' dir='ltr'><strong>dieitur</strong></span> <span class='ocrx_word' id='word_1_69' title='bbox 361 1419 525 1488; x_wconf 83' lang='lat' dir='ltr'><strong>pertinacia:</strong></span> <span class='ocrx_word' id='word_1_70' title='bbox 555 1427 583 1476; x_wconf 89' lang='lat' dir='ltr'><strong>ct</strong></span> <span class='ocrx_word' id='word_1_71' title='bbox 611 1421 653 1476; x_wconf 86' lang='lat' dir='ltr'><strong>sic</strong></span> <span class='ocrx_word' id='word_1_72' title='bbox 679 1422 715 1476; x_wconf 90' lang='lat' dir='ltr'><strong>de</strong></span> <span class='ocrx_word' id='word_1_73' title='bbox 741 1421 868 1477; x_wconf 90' lang='lat' dir='ltr'><strong>omnihus</strong></span> <span class='ocrx_word' id='word_1_74' title='bbox 890 1423 1066 1490; x_wconf 76' lang='lat' dir='ltr'><strong>supradictis</strong></span> 
     </span>
    </p>
   </div>
   <div class='ocr_carea' id='block_1_4' title="bbox 228 1509 1114 3019">
    <p class='ocr_par' dir='ltr' id='par_1_5' title="bbox 230 1509 1066 2244">
     <span class='ocr_line' id='line_1_13' title="bbox 231 1509 1066 1586; baseline 0.005 -18"><span class='ocrx_word' id='word_1_75' title='bbox 231 1511 279 1570; x_wconf 81' lang='lat' dir='ltr'><strong>Sic</strong></span> <span class='ocrx_word' id='word_1_76' title='bbox 297 1513 388 1582; x_wconf 87' lang='lat' dir='ltr'><strong>ctiam,</strong></span> <span class='ocrx_word' id='word_1_77' title='bbox 406 1514 481 1584; x_wconf 88' lang='lat' dir='ltr'><strong>quod</strong></span> <span class='ocrx_word' id='word_1_78' title='bbox 498 1509 531 1568; x_wconf 88' lang='lat' dir='ltr'><strong>fit</strong></span> <span class='ocrx_word' id='word_1_79' title='bbox 547 1529 597 1583; x_wconf 83' lang='lat' dir='ltr'><strong>per</strong></span> <span class='ocrx_word' id='word_1_80' title='bbox 614 1515 804 1584; x_wconf 79' lang='lat' dir='ltr'><strong>humilitatem,</strong></span> <span class='ocrx_word' id='word_1_81' title='bbox 821 1516 922 1572; x_wconf 82' lang='lat' dir='ltr'><strong>dicitur</strong></span> <span class='ocrx_word' id='word_1_82' title='bbox 938 1511 1000 1572; x_wconf 85' lang='lat' dir='ltr'><strong>fieri</strong></span> <span class='ocrx_word' id='word_1_83' title='bbox 1016 1533 1066 1586; x_wconf 85' lang='lat' dir='ltr'><strong>poi</strong></span> 
     </span>
     <span class='ocr_line' id='line_1_14' title="bbox 230 1603 1066 1678; baseline 0.002 -14"><span class='ocrx_word' id='word_1_84' title='bbox 230 1623 329 1664; x_wconf 84' lang='lat' dir='ltr'><strong>vanam</strong></span> <span class='ocrx_word' id='word_1_85' title='bbox 339 1608 463 1678; x_wconf 83' lang='lat' dir='ltr'><strong>gloriam.</strong></span> <span class='ocrx_word' id='word_1_86' title='bbox 484 1607 564 1674; x_wconf 81' lang='lat' dir='ltr'><strong>Quod</strong></span> <span class='ocrx_word' id='word_1_87' title='bbox 581 1603 615 1663; x_wconf 83' lang='lat' dir='ltr'><strong>iit</strong></span> <span class='ocrx_word' id='word_1_88' title='bbox 625 1625 674 1678; x_wconf 85' lang='lat' dir='ltr'><strong>per</strong></span> <span class='ocrx_word' id='word_1_89' title='bbox 691 1610 873 1678; x_wconf 72' lang='lat' dir='ltr'><strong>sanctitatem,</strong></span> <span class='ocrx_word' id='word_1_90' title='bbox 891 1605 952 1667; x_wconf 88' lang='lat' dir='ltr'><strong>fieri</strong></span> <span class='ocrx_word' id='word_1_91' title='bbox 969 1611 1066 1666; x_wconf 85' lang='lat' dir='ltr'><strong>dicimt</strong></span> 
     </span>
     <span class='ocr_line' id='line_1_15' title="bbox 230 1700 1065 1778; baseline 0.004 -20"><span class='ocrx_word' id='word_1_92' title='bbox 230 1717 281 1774; x_wconf 84' lang='lat' dir='ltr'><strong>per</strong></span> <span class='ocrx_word' id='word_1_93' title='bbox 298 1702 466 1773; x_wconf 87' lang='lat' dir='ltr'><strong>hypociisiu,</strong></span> <span class='ocrx_word' id='word_1_94' title='bbox 484 1706 529 1762; x_wconf 87' lang='lat' dir='ltr'><strong>vel</strong></span> <span class='ocrx_word' id='word_1_95' title='bbox 548 1706 745 1774; x_wconf 84' lang='lat' dir='ltr'><strong>apparentiam.</strong></span> <span class='ocrx_word' id='word_1_96' title='bbox 762 1704 844 1778; x_wconf 79' lang='lat' dir='ltr'><strong>Quoil</strong></span> <span class='ocrx_word' id='word_1_97' title='bbox 860 1700 893 1760; x_wconf 87' lang='lat' dir='ltr'><strong>fit</strong></span> <span class='ocrx_word' id='word_1_98' title='bbox 909 1705 971 1763; x_wconf 85' lang='lat' dir='ltr'><strong>nelo</strong></span> <span class='ocrx_word' id='word_1_99' title='bbox 982 1706 1065 1776; x_wconf 81' lang='lat' dir='ltr'><strong>justi-</strong></span> 
     </span>
     <span class='ocr_line' id='line_1_16' title="bbox 230 1794 1065 1874; baseline 0.001 -20"><span class='ocrx_word' id='word_1_100' title='bbox 230 1798 303 1869; x_wconf 87' lang='lat' dir='ltr'><strong>tias,</strong></span> <span class='ocrx_word' id='word_1_101' title='bbox 330 1794 392 1856; x_wconf 89' lang='lat' dir='ltr'><strong>fieri</strong></span> <span class='ocrx_word' id='word_1_102' title='bbox 410 1799 504 1856; x_wconf 87' lang='lat' dir='ltr'><strong>dicunt</strong></span> <span class='ocrx_word' id='word_1_103' title='bbox 521 1800 582 1874; x_wconf 86' lang='lat' dir='ltr'><strong>uelo</strong></span> <span class='ocrx_word' id='word_1_104' title='bbox 599 1800 746 1856; x_wconf 85' lang='lat' dir='ltr'><strong>vindictae.</strong></span> <span class='ocrx_word' id='word_1_105' title='bbox 778 1800 860 1865; x_wconf 81' lang='lat' dir='ltr'><strong>Quod</strong></span> <span class='ocrx_word' id='word_1_106' title='bbox 876 1795 909 1854; x_wconf 89' lang='lat' dir='ltr'><strong>fit</strong></span> <span class='ocrx_word' id='word_1_107' title='bbox 925 1815 961 1856; x_wconf 85' lang='lat' dir='ltr'><strong>ex</strong></span> <span class='ocrx_word' id='word_1_108' title='bbox 978 1799 1065 1855; x_wconf 84' lang='lat' dir='ltr'><strong>chani-</strong></span> 
     </span>
     <span class='ocr_line' id='line_1_17' title="bbox 230 1889 1066 1966; baseline 0.002 -18"><span class='ocrx_word' id='word_1_109' title='bbox 230 1897 295 1964; x_wconf 83' lang='lat' dir='ltr'><strong>tatc,</strong></span> <span class='ocrx_word' id='word_1_110' title='bbox 314 1889 375 1951; x_wconf 89' lang='lat' dir='ltr'><strong>fieri</strong></span> <span class='ocrx_word' id='word_1_111' title='bbox 392 1895 487 1951; x_wconf 90' lang='lat' dir='ltr'><strong>dicunt</strong></span> <span class='ocrx_word' id='word_1_112' title='bbox 504 1909 539 1950; x_wconf 84' lang='lat' dir='ltr'><strong>ex</strong></span> <span class='ocrx_word' id='word_1_113' title='bbox 555 1910 679 1966; x_wconf 86' lang='lat' dir='ltr'><strong>rancore,</strong></span> <span class='ocrx_word' id='word_1_114' title='bbox 697 1895 743 1950; x_wconf 89' lang='lat' dir='ltr'><strong>vel</strong></span> <span class='ocrx_word' id='word_1_115' title='bbox 760 1895 835 1950; x_wconf 86' lang='lat' dir='ltr'><strong>odio.</strong></span> <span class='ocrx_word' id='word_1_116' title='bbox 865 1895 945 1960; x_wconf 78' lang='lat' dir='ltr'><strong>Quod</strong></span> <span class='ocrx_word' id='word_1_117' title='bbox 967 1890 1000 1950; x_wconf 84' lang='lat' dir='ltr'><strong>fit</strong></span> <span class='ocrx_word' id='word_1_118' title='bbox 1015 1910 1066 1964; x_wconf 83' lang='lat' dir='ltr'><strong>pei</strong></span> 
     </span>
     <span class='ocr_line' id='line_1_18' title="bbox 230 1984 1064 2060; baseline 0 -16"><span class='ocrx_word' id='word_1_119' title='bbox 230 1987 398 2058; x_wconf 84' lang='lat' dir='ltr'><strong>spiritualem</strong></span> <span class='ocrx_word' id='word_1_120' title='bbox 417 1989 601 2060; x_wconf 83' lang='lat' dir='ltr'><strong>dilectionem,</strong></span> <span class='ocrx_word' id='word_1_121' title='bbox 619 1984 679 2045; x_wconf 85' lang='lat' dir='ltr'><strong>fieri</strong></span> <span class='ocrx_word' id='word_1_122' title='bbox 696 1989 913 2058; x_wconf 83' lang='lat' dir='ltr'><strong>dicuntpropter</strong></span> <span class='ocrx_word' id='word_1_123' title='bbox 929 1989 1064 2045; x_wconf 73' lang='lat' dir='ltr'><strong>mmalem</strong></span> 
     </span>
     <span class='ocr_line' id='line_1_19' title="bbox 230 2077 1063 2152; baseline 0.004 -16"><span class='ocrx_word' id='word_1_124' title='bbox 230 2097 359 2137; x_wconf 85' lang='lat' dir='ltr'><strong>amorem.</strong></span> <span class='ocrx_word' id='word_1_125' title='bbox 378 2082 459 2146; x_wconf 85' lang='lat' dir='ltr'><strong>Quod</strong></span> <span class='ocrx_word' id='word_1_126' title='bbox 476 2077 509 2136; x_wconf 81' lang='lat' dir='ltr'><strong>fit</strong></span> <span class='ocrx_word' id='word_1_127' title='bbox 525 2099 593 2152; x_wconf 83' lang='lat' dir='ltr'><strong>pura</strong></span> <span class='ocrx_word' id='word_1_128' title='bbox 611 2083 781 2152; x_wconf 85' lang='lat' dir='ltr'><strong>intentione,</strong></span> <span class='ocrx_word' id='word_1_129' title='bbox 806 2077 867 2138; x_wconf 84' lang='lat' dir='ltr'><strong>fieri</strong></span> <span class='ocrx_word' id='word_1_130' title='bbox 894 2083 988 2139; x_wconf 86' lang='lat' dir='ltr'><strong>dicunt</strong></span> <span class='ocrx_word' id='word_1_131' title='bbox 1011 2099 1063 2152; x_wconf 84' lang='lat' dir='ltr'><strong>pio</strong></span> 
     </span>
     <span class='ocr_line' id='line_1_20' title="bbox 230 2175 842 2244; baseline 0.008 -16"><span class='ocrx_word' id='word_1_132' title='bbox 230 2175 375 2244; x_wconf 87' lang='lat' dir='ltr'><strong>temporali</strong></span> <span class='ocrx_word' id='word_1_133' title='bbox 393 2175 590 2232; x_wconf 78' lang='lat' dir='ltr'><strong>consolatione.</strong></span> <span class='ocrx_word' id='word_1_134' title='bbox 610 2176 647 2231; x_wconf 84' lang='lat' dir='ltr'><strong>Et</strong></span> <span class='ocrx_word' id='word_1_135' title='bbox 663 2176 705 2231; x_wconf 87' lang='lat' dir='ltr'><strong>sic</strong></span> <span class='ocrx_word' id='word_1_136' title='bbox 718 2177 753 2232; x_wconf 86' lang='lat' dir='ltr'><strong>de</strong></span> <span class='ocrx_word' id='word_1_137' title='bbox 770 2177 842 2233; x_wconf 87' lang='lat' dir='ltr'><strong>aliis.</strong></span> 
     </span>
    </p>

    <p class='ocr_par' dir='ltr' id='par_1_6' title="bbox 228 2265 1114 3019">
     <span class='ocr_line' id='line_1_21' title="bbox 300 2265 1063 2328; baseline 0.005 -4"><span class='ocrx_word' id='word_1_138' title='bbox 300 2269 327 2324; x_wconf 83' lang='lat'><strong>4.</strong></span> <span class='ocrx_word' id='word_1_139' title='bbox 345 2267 414 2324; x_wconf 80' lang='lat' dir='ltr'><strong>Cum</strong></span> <span class='ocrx_word' id='word_1_140' title='bbox 426 2276 517 2325; x_wconf 82' lang='lat' dir='ltr'><strong>autem</strong></span> <span class='ocrx_word' id='word_1_141' title='bbox 529 2265 643 2327; x_wconf 86' lang='lat' dir='ltr'><strong>difficile</strong></span> <span class='ocrx_word' id='word_1_142' title='bbox 659 2270 697 2326; x_wconf 86' lang='lat' dir='ltr'><strong>sit</strong></span> <span class='ocrx_word' id='word_1_143' title='bbox 713 2271 869 2328; x_wconf 73' lang='lat' dir='ltr'><strong>immunem</strong></span> <span class='ocrx_word' id='word_1_144' title='bbox 885 2273 956 2328; x_wconf 84' lang='lat' dir='ltr'><strong>inter</strong></span> <span class='ocrx_word' id='word_1_145' title='bbox 967 2273 1063 2328; x_wconf 85' lang='lat' dir='ltr'><strong>vitium</strong></span> 
     </span>
     <span class='ocr_line' id='line_1_22' title="bbox 231 2361 1062 2439; baseline 0.008 -24"><span class='ocrx_word' id='word_1_146' title='bbox 231 2366 259 2416; x_wconf 89' lang='lat' dir='ltr'><strong>ot</strong></span> <span class='ocrx_word' id='word_1_147' title='bbox 275 2361 413 2431; x_wconf 81' lang='lat' dir='ltr'><strong>virtutem,</strong></span> <span class='ocrx_word' id='word_1_148' title='bbox 432 2379 548 2434; x_wconf 86' lang='lat' dir='ltr'><strong>cunique</strong></span> <span class='ocrx_word' id='word_1_149' title='bbox 565 2365 669 2436; x_wconf 55' lang='lat' dir='ltr'><strong>maduo</strong></span> <span class='ocrx_word' id='word_1_150' title='bbox 685 2365 742 2421; x_wconf 88' lang='lat' dir='ltr'><strong>sint</strong></span> <span class='ocrx_word' id='word_1_151' title='bbox 759 2366 788 2424; x_wconf 89' lang='lat' dir='ltr'><strong>in</strong></span> <span class='ocrx_word' id='word_1_152' title='bbox 806 2367 953 2422; x_wconf 78' lang='lat' dir='ltr'><strong>virtutihm</strong></span> <span class='ocrx_word' id='word_1_153' title='bbox 969 2368 1062 2439; x_wconf 76' lang='lat' dir='ltr'><strong>singn-</strong></span> 
     </span>
     <span class='ocr_line' id='line_1_23' title="bbox 229 2455 1061 2524; baseline 0.01 -14"><span class='ocrx_word' id='word_1_154' title='bbox 229 2455 283 2524; x_wconf 89' lang='lat' dir='ltr'><strong>lis,</strong></span> <span class='ocrx_word' id='word_1_155' title='bbox 302 2469 373 2524; x_wconf 85' lang='lat' dir='ltr'><strong>quac</strong></span> <span class='ocrx_word' id='word_1_156' title='bbox 390 2457 479 2524; x_wconf 82' lang='lat' dir='ltr'><strong>primo</strong></span> <span class='ocrx_word' id='word_1_157' title='bbox 497 2475 532 2514; x_wconf 87' lang='lat' dir='ltr'><strong>ex</strong></span> <span class='ocrx_word' id='word_1_158' title='bbox 549 2475 625 2516; x_wconf 83' lang='lat' dir='ltr'><strong>mena</strong></span> <span class='ocrx_word' id='word_1_159' title='bbox 647 2458 700 2516; x_wconf 86' lang='lat' dir='ltr'><strong>Dei</strong></span> <span class='ocrx_word' id='word_1_160' title='bbox 717 2461 881 2518; x_wconf 84' lang='lat' dir='ltr'><strong>liberalitate</strong></span> <span class='ocrx_word' id='word_1_161' title='bbox 897 2463 1004 2518; x_wconf 84' lang='lat' dir='ltr'><strong>animae</strong></span> <span class='ocrx_word' id='word_1_162' title='bbox 1021 2463 1061 2518; x_wconf 92' lang='lat' dir='ltr'><strong>in·</strong></span> 
     </span>
     <span class='ocr_line' id='line_1_24' title="bbox 229 2547 1062 2628; baseline 0.011 -24"><span class='ocrx_word' id='word_1_163' title='bbox 229 2547 388 2620; x_wconf 83' lang='lat' dir='ltr'><strong>funduntur,</strong></span> <span class='ocrx_word' id='word_1_164' title='bbox 406 2551 513 2608; x_wconf 80' lang='lat' dir='ltr'><strong>inhisae</strong></span> <span class='ocrx_word' id='word_1_165' title='bbox 525 2555 682 2612; x_wconf 85' lang='lat' dir='ltr'><strong>radicantur</strong></span> <span class='ocrx_word' id='word_1_166' title='bbox 694 2562 723 2612; x_wconf 87' lang='lat' dir='ltr'><strong>et</strong></span> <span class='ocrx_word' id='word_1_167' title='bbox 732 2561 876 2628; x_wconf 71' lang='lat' dir='ltr'><strong>augentur,</strong></span> <span class='ocrx_word' id='word_1_168' title='bbox 894 2562 991 2612; x_wconf 85' lang='lat' dir='ltr'><strong>auctae</strong></span> <span class='ocrx_word' id='word_1_169' title='bbox 1001 2571 1062 2626; x_wconf 78' lang='lat' dir='ltr'><strong>pei·</strong></span> 
     </span>
     <span class='ocr_line' id='line_1_25' title="bbox 229 2639 1063 2720; baseline 0.01 -21"><span class='ocrx_word' id='word_1_170' title='bbox 229 2639 371 2702; x_wconf 86' lang='lat' dir='ltr'><strong>ficiuntur:</strong></span> <span class='ocrx_word' id='word_1_171' title='bbox 402 2646 602 2718; x_wconf 74' lang='lat' dir='ltr'><strong>perfectissimo</strong></span> <span class='ocrx_word' id='word_1_172' title='bbox 631 2650 791 2706; x_wconf 85' lang='lat' dir='ltr'><strong>intuendum</strong></span> <span class='ocrx_word' id='word_1_173' title='bbox 822 2657 881 2719; x_wconf 86' lang='lat' dir='ltr'><strong>est,</strong></span> <span class='ocrx_word' id='word_1_174' title='bbox 911 2665 982 2720; x_wconf 88' lang='lat' dir='ltr'><strong>quae</strong></span> <span class='ocrx_word' id='word_1_175' title='bbox 1007 2651 1063 2707; x_wconf 92' lang='lat' dir='ltr'><strong>sint</strong></span> 
     </span>
     <span class='ocr_line' id='line_1_26' title="bbox 228 2737 1062 2816; baseline 0.008 -22"><span class='ocrx_word' id='word_1_176' title='bbox 228 2737 335 2796; x_wconf 86' lang='lat' dir='ltr'><strong>animae</strong></span> <span class='ocrx_word' id='word_1_177' title='bbox 347 2740 463 2798; x_wconf 75' lang='lat' dir='ltr'><strong>virtutes</strong></span> <span class='ocrx_word' id='word_1_178' title='bbox 471 2757 552 2800; x_wconf 86' lang='lat' dir='ltr'><strong>verae</strong></span> <span class='ocrx_word' id='word_1_179' title='bbox 561 2748 644 2813; x_wconf 81' lang='lat' dir='ltr'><strong>atque</strong></span> <span class='ocrx_word' id='word_1_180' title='bbox 652 2742 798 2813; x_wconf 82' lang='lat' dir='ltr'><strong>perfectae,</strong></span> <span class='ocrx_word' id='word_1_181' title='bbox 810 2744 911 2814; x_wconf 86' lang='lat' dir='ltr'><strong>quibus</strong></span> <span class='ocrx_word' id='word_1_182' title='bbox 923 2745 990 2800; x_wconf 84' lang='lat' dir='ltr'><strong>solis</strong></span> <span class='ocrx_word' id='word_1_183' title='bbox 1000 2761 1062 2816; x_wconf 74' lang='lat' dir='ltr'><strong>gra·</strong></span> 
     </span>
     <span class='ocr_line' id='line_1_27' title="bbox 229 2828 1062 2910; baseline 0.005 -20"><span class='ocrx_word' id='word_1_184' title='bbox 229 2836 275 2892; x_wconf 81' lang='lat' dir='ltr'><strong>tui</strong></span> <span class='ocrx_word' id='word_1_185' title='bbox 287 2828 406 2890; x_wconf 80' lang='lat' dir='ltr'><strong>efficitur</strong></span> <span class='ocrx_word' id='word_1_186' title='bbox 417 2836 499 2894; x_wconf 89' lang='lat' dir='ltr'><strong>homo</strong></span> <span class='ocrx_word' id='word_1_187' title='bbox 512 2836 585 2906; x_wconf 85' lang='lat' dir='ltr'><strong>apud</strong></span> <span class='ocrx_word' id='word_1_188' title='bbox 596 2838 695 2894; x_wconf 88' lang='lat' dir='ltr'><strong>Deum.</strong></span> <span class='ocrx_word' id='word_1_189' title='bbox 715 2839 752 2894; x_wconf 82' lang='lat' dir='ltr'><strong>Et</strong></span> <span class='ocrx_word' id='word_1_190' title='bbox 762 2840 855 2908; x_wconf 76' lang='lat' dir='ltr'><strong>primo</strong></span> <span class='ocrx_word' id='word_1_191' title='bbox 871 2840 907 2896; x_wconf 89' lang='lat' dir='ltr'><strong>de</strong></span> <span class='ocrx_word' id='word_1_192' title='bbox 924 2838 1062 2910; x_wconf 86' lang='lat' dir='ltr'><strong>chaiitate,</strong></span> 
     </span>
     <span class='ocr_line' id='line_1_28' title="bbox 232 2934 1114 3019; baseline 0.008 -34"><span class='ocrx_word' id='word_1_193' title='bbox 232 2942 303 3000; x_wconf 85' lang='lat' dir='ltr'><strong>quae</strong></span> <span class='ocrx_word' id='word_1_194' title='bbox 323 2935 365 2986; x_wconf 85' lang='lat' dir='ltr'><strong>est</strong></span> <span class='ocrx_word' id='word_1_195' title='bbox 383 2937 469 2987; x_wconf 83' lang='lat' dir='ltr'><strong>mater</strong></span> <span class='ocrx_word' id='word_1_196' title='bbox 486 2938 514 2986; x_wconf 90' lang='lat' dir='ltr'><strong>et</strong></span> <span class='ocrx_word' id='word_1_197' title='bbox 532 2939 719 2988; x_wconf 85' lang='lat' dir='ltr'><strong>ornamentum</strong></span> <span class='ocrx_word' id='word_1_198' title='bbox 737 2934 858 2988; x_wconf 85' lang='lat' dir='ltr'><strong>omnium</strong></span> <span class='ocrx_word' id='word_1_199' title='bbox 875 2936 1015 2992; x_wconf 84' lang='lat' dir='ltr'><strong>virtutum.</strong></span> <span class='ocrx_word' id='word_1_200' title='bbox 1113 3002 1114 3019; x_wconf 13' lang='grc' dir='ltr'>χ</span> 
     </span>
    </p>
   </div>
   <div class='ocr_carea' id='block_1_5' title="bbox 0 0 1196 3759">
    <p class='ocr_par' dir='ltr' id='par_1_7' title="bbox 0 0 1196 3759">
     <span class='ocr_line' id='line_1_29' title="bbox 0 0 1196 3759; baseline 0 3"><span class='ocrx_word' id='word_1_201' title='bbox 0 0 1196 3759; x_wconf 95' lang='lat' dir='ltr'><strong> </strong></span> 
     </span>
    </p>
   </div>
  </div>
 </body>
</html>
