2384 3759
623 392 675 448 162

230 551 268 594 ex
293 550 345 604 ono
361 536 421 590 uait
437 536 522 590 omnia
539 536 624 589 virtus
645 535 673 588 ln
691 537 864 588 sacramento.
902 537 1070 599 pnantaaun·

233 636 285 692 qna
311 623 382 676 anim
406 635 490 686 parua
515 623 551 674 sit
566 621 669 686 species
686 621 734 674 illa
751 622 837 686 panis,
864 620 902 674 lui
929 625 972 674 ast
988 627 1070 676 totum

232 723 329 776 corpus
346 709 443 763 curisti
467 719 515 773 per
541 706 753 770 conversionem,
781 707 890 772 sanguis
907 719 958 772 per
975 720 1070 761 nonna·

232 801 351 862 monam,
370 797 459 850 anima
474 806 523 860 par
538 793 748 858 coniunctionem
775 797 802 848 ot
824 793 951 847 divinitas
970 793 1071 858 integra

235 898 285 951 por
309 885 442 938 unionem.
478 881 551 934 Unda
578 883 678 950 tartum
696 884 750 945 est,
779 881 848 945 quod
865 879 949 934 labet
966 883 1071 946 planam

234 974 365 1030 rationem
391 969 497 1025 cibandi
513 966 687 1031 spiritualiter
712 969 740 1020 et
761 965 926 1018 confortandi
945 966 1070 1019 animam.

232 1060 285 1124 oui
292 1059 379 1113 minus
390 1057 543 1119 collegerat,
556 1064 609 1106 non
621 1051 722 1116 raparit
732 1051 820 1104 minus
831 1050 864 1104 de
877 1053 977 1105 murina
994 1063 1071 1118 ¹oum]

236 1147 282 1212 uni
294 1147 354 1210 plns
372 1141 523 1204 collegerat
543 1134 664 1201 (omli,
680 1133 738 1199 18.)
774 1137 906 1190 llilarins:
925 1137 984 1190 Nou
1004 1139 1072 1190 onim

237 1229 401 1286 aestimanda
426 1229 467 1279 ost
492 1224 624 1290 quantitas
652 1224 679 1276 in
708 1225 759 1278 lroo
777 1223 889 1277 risibilis
916 1223 965 1276 sod
991 1225 1072 1278 virtus

236 1317 391 1384 spiritualia.
437 1313 510 1366 Unde
537 1313 582 1378 oui
609 1313 722 1366 multum
749 1313 793 1364 val
822 1321 947 1374 maguum
977 1321 1073 1374 panem

237 1405 372 1460 consecrat
382 1413 436 1454 non
447 1400 528 1453 natet
538 1397 653 1463 amplius
671 1407 749 1462 quam
761 1407 853 1450 vumm
870 1407 966 1460 corpus
978 1394 1074 1448 cunuti

237 1491 274 1546 ad
291 1490 506 1554 salutamsnam
1111 1545 1112 1550 η

221 1584 230 1596 ·
308 1576 457 1630 saaunrlum
482 1570 587 1634 sianum
613 1568 734 1622 mirabile
764 1570 813 1631 ast,
842 1565 912 1632 quoi
934 1577 1018 1620 unum
1050 1569 1075 1618 at
1111 1561 1112 1582 ³

238 1665 309 1719 idom
320 1673 414 1726 oorpns
426 1664 466 1714 ost
477 1659 505 1712 in
517 1657 637 1721 plurilus
655 1655 729 1718 loois,
749 1653 776 1705 iu
788 1651 908 1717 pluribus
923 1651 1030 1716 hostiis,
1049 1652 1074 1704 iu

238 1751 360 1818 plurilus
376 1745 553 1812 portionibus:
573 1747 601 1794 at
619 1743 667 1794 loo
684 1739 808 1804 probatur
825 1737 909 1792 tritus
926 1738 1029 1792 modis:

308 1836 395 1890 Primo
421 1844 469 1897 par
485 1830 639 1894 propinatam
657 1826 812 1882 Malachiam
831 1825 864 1878 ad
882 1824 1012 1880 ludaeos:
1041 1822 1074 1876 ll

238 1927 299 1978 ortu
325 1922 395 1976 onim
421 1919 485 1972 solis
510 1926 593 1980 usqua
621 1913 654 1966 ad
681 1923 802 1965 occasum
828 1921 954 1974 magnum
979 1920 1074 1962 nomen

238 2024 328 2067 meum
353 2010 382 2062 iu
399 2005 522 2072 gentious
543 2007 571 2054 at
591 1999 708 2054 inomni
732 2000 790 2052 looo
814 1995 976 2050 saoriiitatnr
994 1999 1023 2048 at
1039 1994 1074 2046 ol·

243 2102 329 2155 tortor
344 2094 446 2150 nomini
462 2102 522 2144 meo
540 2087 640 2146 oblatio
658 2084 766 2140 munda.
803 2085 867 2138 llaoa
885 2084 943 2134 lota
961 2081 1074 2145 plurima

236 2185 364 2250 ¹exprimit
393 2184 420 2233 ot
437 2188 518 2232 unam
534 2174 697 2227 oblationum
722 2169 847 2246 muniam
865 2168 985 2222 idalium
1004 2155 1071 2218 altit.

143 2324 148 2330 .
240 2274 271 2326 ln
288 2269 361 2323 omni
378 2267 446 2328 looo,
465 2262 494 2314 in
511 2271 564 2325 quo
581 2259 663 2312 morit
679 2257 806 2310 memoria
824 2254 937 2308 nominis
949 2254 1012 2318 mei,
1031 2263 1072 2305 ra·

238 2359 313 2412 niam
331 2354 365 2406 al
382 2353 409 2404 tt
435 2352 463 2404 et
485 2345 639 2400 nonauioam
664 2344 722 2407 tibi.
734 2337 836 2405 (Euroo.
856 2338 915 2402 20.)
945 2338 1073 2394 'Memoria

239 2441 354 2496 nominis
365 2437 468 2490 iiomiui
478 2432 634 2488 sacrifitium
652 2433 693 2483 esi
704 2429 798 2484 altaris
815 2440 852 2481 so.
865 2438 959 2492 corpus
971 2425 1072 2488 curisti,

240 2526 312 2594 quod
333 2524 390 2579 ilari
404 2521 486 2586 iussit
502 2520 530 2572 in
547 2515 823 2572 commemorationem
841 2513 911 2579 ojus3
934 2513 985 2566 hoc
1003 2511 1033 2564 nt
1049 2511 1074 2562 in

240 2611 332 2668 multia
359 2596 437 2662 lotis¹
452 2610 479 2660 ot
508 2607 536 2660 in
558 2608 608 2658 lroo
625 2603 698 2660 venit
715 2614 784 2656 uuus
800 2601 925 2654 Dominus
944 2599 979 2652 ad
998 2599 1075 2652 bano·

242 2699 382 2754 nitendum
400 2693 486 2747 nouis.

305 2782 432 2838 'secanio
457 2778 583 2844 prolator
608 2777 659 2830 noo
673 2783 676 2790 ’
689 2785 736 2838 per
752 2771 919 2826 manifestam
937 2770 1075 2834 munnam,

241 2885 311 2941 onas
329 2875 369 2924 ast
385 2867 454 2934 quod
471 2865 542 2917 nlius
558 2863 673 2916 nominis
698 2859 839 2926 participat
860 2858 1009 2922 potentiam
1030 2856 1075 2910 ulii

240 2961 289 3016 noi
313 2959 420 3023 proptor
445 2961 573 3014 personae
603 2949 739 3002 unitatum.
786 2946 920 3000 Amilos:
949 2945 1025 2998 sicut
1049 2943 1075 2996 iu

241 3057 321 3099 uuam
339 3050 477 3107 porsonam
495 3036 533 3088 sio
550 3038 578 3087 in
596 3047 676 3088 unam
693 3034 836 3098 potentiam
853 3032 1019 3085 conueniunt
1033 3030 1076 3083 itai

241 3135 271 3183 et
287 3128 400 3182 hominis
416 3125 496 3176 nlius.
522 3121 597 3172 Unda
608 3121 677 3172 siout
687 3121 734 3172 liei
751 3120 826 3174 lilius
842 3121 882 3171 ast
900 3118 1076 3171 essentialiter

242 3215 270 3266 in
295 3213 416 3267 omnium
439 3208 528 3270 robus,
556 3207 598 3269 ita
621 3207 695 3260 (ladit
717 3207 775 3259 illio
792 3195 916 3270 namium,
935 3211 966 3258 ut
983 3213 1075 3269 eorpus
