2384 3759
529 337 583 392 925

135 483 213 548 qnasi
231 480 326 534 lilium.
346 507 379 516 -
397 479 434 532 lle
452 479 543 532 tertio:
571 478 629 532 tam
651 479 735 532 hiems
758 480 870 546 translit,
890 480 974 536 imber

136 569 206 623 abiit
232 567 408 628 suecessit,
435 566 512 618 tiores
537 552 717 629 apparuerunt
742 566 769 618 in
787 568 857 620 terra
874 572 972 622 nostra.

136 651 281 720 (canet,
296 651 354 714 11.)
388 653 475 706 liores
494 653 569 716 primi
600 657 659 717 post
677 653 789 706 hiemem
807 656 869 706 sunt
886 654 973 708 uiolae

135 743 232 806 nigrae
250 738 355 801 coloris,
373 739 508 803 pulchrae,
528 739 589 792 toni
602 740 689 794 odoris
707 744 733 794 et
751 745 841 794 terrae
859 741 970 794 vicinae.

135 831 168 882 lli
188 828 266 880 liores
283 825 433 890 significant
449 826 551 878 animas
578 827 691 880 humiles
713 839 747 880 ex
765 827 973 882 consideratione

136 913 275 978 sanguinis
294 911 397 975 christi,
417 913 444 965 in
462 914 583 976 passione
603 915 712 968 multum
732 915 793 968 torti
806 914 881 980 quasi
900 914 971 967 deni·

137 1005 228 1065 gratas
255 1000 274 1053 i.
294 1013 318 1053 e.
345 1000 396 1052 sliri
422 1000 489 1052 rilea
514 1004 542 1053 et
567 1013 654 1055 coram
681 1003 801 1066 superbis
825 1003 969 1067 despectas.

137 1092 183 1142 liz.
196 1087 221 1152 7,
235 1084 294 1140 32.;
314 1087 467 1151 nigrescere
486 1087 579 1140 faciam
599 1089 691 1142 stellas
709 1087 778 1142 coeli
795 1089 813 1141 i.
834 1101 858 1151 e,
880 1088 971 1142 arden·

140 1179 180 1227 tes
198 1176 304 1239 spiritns
322 1174 436 1227 caritatis
455 1178 481 1227 et
498 1175 617 1228 lucentes
634 1174 713 1228 verbo
731 1175 857 1240 veritatis,
885 1175 972 1240 nigre·

137 1273 213 1314 scere
241 1261 334 1314 luciam
363 1261 492 1324 sangnine
509 1262 606 1315 coristi
633 1265 663 1316 ut
689 1262 777 1326 nigras
805 1265 832 1316 et
848 1262 972 1326 pulchros

136 1349 223 1402 violas
241 1347 336 1400 uirtute
353 1346 520 1402 numilitatis.

209 1433 329 1485 Smundo
355 1446 389 1486 ex
422 1434 552 1498 spirituali
578 1435 728 1499 pertusione
752 1435 808 1491 sire
832 1437 896 1500 potu
912 1449 971 1489 san·

136 1519 229 1587 guinis
245 1518 363 1571 oriuntur
379 1521 407 1574 in
424 1521 511 1574 anima
529 1522 603 1586 quasi
621 1522 648 1573 in
660 1522 781 1586 paradiso
798 1523 844 1574 liei
863 1523 971 1576 frondes

123 1605 279 1670 ¹ueriromm
310 1603 432 1660 tonorum
467 1610 494 1660 et
523 1607 639 1660 dulcium
679 1607 851 1672 clopulomm.
900 1609 968 1662 iicet.

136 1689 182 1756 39,
200 1690 255 1744 re:
283 1692 383 1746 llorete
408 1694 486 1746 liores
513 1697 540 1747 et
565 1694 687 1747 lrondete
711 1692 739 1745 in
757 1693 881 1759 gratiam3
911 1695 971 1759 quia

136 1794 174 1833 sc.
196 1779 274 1833 electi
291 1791 343 1833 non
361 1782 446 1833 solum
463 1781 541 1834 tiores
559 1781 685 1835 uirtutum
716 1780 762 1834 sed
781 1780 860 1834 etiam
879 1781 971 1834 verbo-

136 1880 196 1921 rum
214 1867 341 1920 bonorum
367 1867 504 1930 proiemnt
529 1879 563 1920 ex
589 1869 653 1930 potu
671 1867 806 1933 sanguinis
825 1867 919 1921 christi
938 1868 970 1920 ad

136 1954 267 2018 triplicem
286 1955 397 2019 gratiam
415 1967 451 2007 sc.
472 1953 505 2006 ad
523 1958 692 2017 peccatomm
710 1954 917 2018 conversionem,
937 1954 970 2006 ad

138 2041 303 2095 inimicorum
329 2039 586 2105 reconciliationem,
614 2039 647 2092 nd
666 2040 832 2093 'moestomm
852 2042 971 2094 consola·

138 2123 244 2182 tionem.
272 2127 338 2180 ilinc
356 2128 464 2180 arbores
481 2125 605 2190 irrigatae
618 2125 732 2190 triplicia
750 2126 970 2190 prorcncrcgnn·

138 2222 180 2268 tur
192 2217 272 2269 tolia:
290 2213 467 2276 medicinalia,
480 2213 656 2277 pnlcnerrima
669 2218 696 2267 et
708 2211 809 2266 viridia.
838 2213 875 2264 lie
887 2211 971 2274 primo

137 2304 180 2356 Ez.
193 2298 308 2365 tit-12:
336 2302 407 2354 l’ollo
430 2301 497 2366 ligni
514 2298 631 2364 paradisi
648 2299 695 2350 liei
718 2297 751 2350 ad
769 2295 925 2348 medicinam
944 2299 971 2349 et

138 2390 278 2442 sanitatem
307 2386 460 2452 gentium-i.
480 2400 504 2440 e.
525 2387 701 2450 peccatorum,
733 2384 794 2448 poia
812 2395 896 2450 aquae
913 2384 970 2449 elus

139 2477 172 2527 de
188 2474 337 2528 sanctuario
364 2473 543 2537 egrediuntur.
580 2474 652 2536 iqua
678 2469 820 2523 sanctuarii
838 2471 969 2536 spirituali

139 2566 203 2624 potu
218 2561 354 2624 sanguinis
371 2560 467 2613 curisti
489 2558 570 2612 elicit
587 2558 668 2611 verba
691 2561 781 2611 sancta
798 2557 969 2622 praedicatio·
1006 2583 1008 2588 ·

140 2647 181 2699 nis
208 2645 240 2698 ad
267 2647 378 2699 salutem
397 2647 549 2712 peccatoris.
586 2645 623 2698 lic
644 2645 758 2698 secundo
775 2645 866 2699 Daniel
883 2643 910 2710 4,
923 2645 966 2698 8.:

139 2735 204 2788 Ecce
221 2731 298 2785 ardor
324 2736 351 2784 et
368 2733 432 2785 iolla
454 2732 629 2796 pulcherrima
654 2735 681 2785 et
698 2733 788 2786 subter
805 2743 863 2786 eam
882 2731 968 2784 latita·

140 2821 201 2873 iant
219 2818 343 2872 animalia
362 2819 461 2871 bestiae
479 2820 549 2872 etin
561 2819 641 2872 mmis
659 2820 778 2872 volucres
790 2818 866 2872 coeli.
897 2811 965 2870 dccl.

140 2907 165 2972 6,
189 2906 233 2960 5.:
272 2906 385 2959 vertum
417 2906 494 2958 dulce
528 2905 633 2971 mitigat
658 2906 778 2959 inimicos
814 2909 841 2957 et
878 2903 967 2956 molti·

141 2993 220 3057 plicat
236 2994 343 3048 amicos.
362 3018 396 3028 -
413 2991 450 3045 lie
467 2993 545 3047 tertio
556 2994 609 3047 ter.
624 2991 667 3056 ii,
683 2993 723 3047 i:
742 2990 899 3044 Benedictus
917 2991 965 3053 vir,

141 3078 184 3144 qui
208 3078 315 3132 conddit
340 3080 368 3133 in
385 3079 495 3133 Domino
517 3083 545 3132 et
561 3080 612 3132 erit
628 3084 751 3144 tanquam
770 3077 879 3142 lignum,
898 3075 965 3142 quod

141 3165 346 3228 transplantatur
370 3179 450 3232 snper
475 3178 554 3232 aquas
575 3169 603 3220 ct
620 3167 670 3219 erit
687 3163 779 3232 lolium
798 3162 853 3226 clus
871 3162 964 3216 viride.

190 3255 484 3303 auarameuauaaron.
777 3245 812 3300 15
