2384 3759
527 344 578 403 193

135 490 249 544 truttam
275 487 394 551 prolerre
416 487 488 540 iacit.
525 485 568 539 Sic
599 496 693 550 rorans
711 488 807 540 curisti
833 487 908 542 nolis
935 489 975 542 iu·

135 575 213 627 situm
242 572 360 625 deiectus
386 577 488 626 nostros
515 574 627 625 evaeuat
654 576 681 624 et
707 573 827 626 insuam
854 587 902 630 nos
929 574 974 628 lio·

135 662 247 714 uitatem
278 659 359 710 trahit
383 662 414 711 ut
439 660 531 724 quales
555 657 612 722 ipse
631 657 751 722 irondes,
781 659 858 712 dores
876 663 903 712 et
921 661 974 714 iru-

139 751 196 800 etus
212 745 332 809 iustitiae
359 744 435 808 latit,
463 745 532 796 talos
559 748 587 797 et
613 755 661 796 nos
687 755 735 807 ner
758 755 818 798 eum
836 745 972 800 iaciamus.

135 834 201 886 lline
213 831 327 895 spiritus
344 835 451 884 sanatus
468 829 531 884 dicit
542 830 655 892 OEaecd.
671 826 714 893 17,
728 825 799 895 22.):
818 833 923 884 sumam
942 831 974 884 de

136 918 256 972 medulla
273 917 345 970 aedri
362 916 480 970 sublimis
507 919 535 969 et
561 916 594 968 de
613 915 712 969 vertice
730 927 861 969 ramorum
875 916 930 980 ojus
948 919 976 969 et

136 1003 263 1072 plantabo
289 1003 328 1056 inl
353 1006 468 1056 monum
494 1001 628 1056 excelsum
657 1003 684 1053 et
700 1005 805 1066 rumpet
821 1003 849 1054 in
867 1013 975 1065 germen

137 1099 165 1147 et
190 1091 275 1146 faciet
301 1090 425 1142 inustum.
463 1088 560 1141 cedrus
587 1087 708 1140 sublimis
735 1090 777 1140 est
802 1089 869 1141 Deus
887 1089 974 1152 Pater,
1002 1131 1010 1144 .

136 1179 203 1234 rami
217 1177 403 1231 eminentiores
415 1174 518 1239 antiqui
529 1178 628 1238 patres,
647 1177 740 1228 vertex
755 1185 886 1228 ramorum
898 1176 976 1228 teate

137 1267 228 1330 Virgo,
256 1261 375 1316 medulla
400 1261 472 1314 cedri
487 1264 607 1314 aeterua
624 1259 672 1314 liei
693 1262 836 1328 sapientia,
863 1273 924 1326 nans
942 1261 975 1314 de

137 1360 271 1405 ramorum
289 1347 388 1401 verdae
405 1358 466 1400 earo
478 1346 615 1400 sumta-de
633 1347 746 1410 virgine.
782 1348 895 1413 spiritus
913 1359 976 1412 erno

138 1441 247 1490 sanetus
273 1433 418 1486 medullam
448 1432 520 1486 aedri
546 1436 574 1486 et
599 1437 701 1498 partem
728 1434 761 1487 de
786 1447 887 1488 summo
904 1447 977 1490 ramo

139 1521 243 1587 sumsit,
261 1521 323 1584 auia
340 1518 435 1572 christi
462 1520 670 1572 incarnationem
688 1520 752 1573 ierit
770 1524 797 1572 ot
813 1522 883 1574 uano
901 1521 978 1586 quasi

138 1609 276 1664 surculum
302 1606 492 1659 nobilissimum
520 1607 623 1670 plantat
649 1607 677 1660 in
694 1610 809 1660 montom
833 1608 976 1670 excelsum,

142 1707 203 1748 rum
222 1691 345 1744 fidelibus
363 1693 504 1746 ammonis
516 1692 654 1747 desiderils
673 1694 706 1746 ad
724 1694 849 1746 coelestia
867 1693 978 1746 elevatis

140 1780 268 1836 dominici
294 1779 410 1843 eorporis
437 1779 531 1832 tribuit
556 1784 757 1832 sacramentum.
796 1781 860 1833 Hine
879 1779 978 1832 iruotus

140 1868 259 1932 erumnis
276 1866 337 1932 qaia
355 1879 400 1919 eor
416 1865 496 1920 iidole
513 1867 620 1931 propria
638 1867 811 1920 amaritudine
829 1867 923 1920 relicta
939 1865 978 1920 vl·

141 1957 252 2014 tiorum,
278 1954 375 2006 uirtute
401 1953 517 2018 comonis
534 1951 636 2005 Domini
663 1951 763 2004 similes
781 1952 883 2004 curisto
902 1952 979 2015 spiri·

141 2042 231 2094 tuales
258 2039 377 2102 inundes,
406 2039 498 2099 iores,
525 2039 625 2092 iruetus
657 2040 781 2091 virtulum
808 2041 834 2090 et
851 2038 979 2092 bonorum

140 2138 252 2194 onerum
270 2126 343 2178 iacit.
380 2125 445 2177 llius
472 2124 570 2177 dictum
589 2127 630 2178 est
646 2124 803 2188 Augustino:
825 2125 903 2178 cilius
920 2135 979 2176 snm

142 2211 293 2279 grandium.
327 2213 401 2264 cant.
415 2207 459 2276 21,
473 2207 515 2262 3.:
535 2211 609 2264 tralue
621 2222 664 2263 me
680 2213 740 2274 post
751 2213 786 2272 te,
806 2221 848 2262 me
866 2222 902 2262 so.
922 2221 980 2262 mu·

140 2299 225 2354 tando
253 2299 281 2350 in
307 2300 344 2362 to,
371 2297 498 2350 violentia
524 2308 599 2348 meae
618 2295 776 2358 dilectionis,
796 2295 979 2359 magnitudine

143 2391 207 2439 tuae
226 2383 384 2447 dilectionis,
405 2383 503 2437 uirtute
520 2381 612 2436 iirmae
631 2379 790 2444 insertionis,
810 2385 841 2434 ut
856 2391 909 2434 non
924 2391 980 2432 ma·

142 2475 207 2524 neat
225 2470 252 2522 iu
270 2481 313 2522 me
330 2468 407 2522 radia
424 2467 622 2533 amaritudinis3
641 2467 687 2520 sed
700 2467 836 2532 praevalet
848 2467 980 2532 onerando

143 2559 172 2610 in
202 2567 246 2608 nne
272 2555 356 2608 uirtus
391 2559 419 2608 et
443 2554 556 2608 dulcedo
582 2559 644 2608 tuae
667 2552 800 2607 bonilatis.
837 2553 901 2610 vivo
931 2565 980 2618 ego

140 2646 196 2709 iam
215 2654 269 2696 uon
286 2654 343 2708 ego.
359 2639 432 2706 (Gal.
447 2638 474 2708 2,
488 2638 529 2705 2,)

488 2913 644 2924 -ιι-
