2384 3759
509 356 561 412 113
622 430 623 434 Ν

187 498 212 551 3.
234 502 423 564 Argumentum
441 509 521 551 neme
547 496 760 562 perseverentiae
786 498 882 563 nubet,
911 498 956 565 put

122 598 169 640 nee
187 598 277 639 umore
296 585 385 648 vitoe,
414 596 464 637 nee
481 583 574 637 timore
591 584 700 647 mortis,
728 596 778 637 neo
795 586 886 649 minis,
906 598 956 639 neo

120 671 254 736 promissis
272 682 289 722 u
306 668 464 723 rectitudine
481 668 600 735 recedit,
624 670 692 721 siout
708 670 828 723 susanne
846 676 955 725 mortem

121 769 172 809 non
190 757 288 809 timens
306 754 391 807 dixit:
418 756 446 809 si
465 757 514 808 noe
539 754 581 815 (iu
608 759 665 819 est,
694 755 840 820 peceatum)
868 768 954 822 egero,

122 854 187 895 mors
206 841 274 894 mini
291 847 340 894 est.
377 838 464 905 (Boot.
486 838 533 905 13,
556 837 617 902 22.)
652 840 683 893 m
704 840 872 895 iintnotuius:
902 842 956 895 Etsi

122 939 210 981 omnes
237 930 331 990 gentes
357 927 414 990 regi
440 926 568 979 Antiocho
593 926 738 990 obediunt,
766 929 795 979 ut
822 926 957 981 discedunt

122 1014 299 1079 unnsquisque
317 1026 332 1064 n
350 1012 476 1066 servitute
495 1013 562 1076 legis
580 1017 683 1077 petrum
702 1023 825 1075 snorum,
851 1016 878 1065 et
895 1024 955 1065 oon·

121 1101 236 1156 sentient
254 1098 385 1151 mundetis
402 1098 474 1164 olns3
494 1110 544 1163 ego
560 1104 589 1151 et
606 1098 655 1153 titii
672 1098 735 1161 mei,
753 1102 781 1151 et
792 1098 886 1153 iratres
903 1099 957 1152 mei

122 1186 275 1239 obediemus
293 1184 346 1249 legi
363 1187 467 1248 putmm
485 1189 643 1239 nostrornm.
680 1184 811 1249 Propitius
828 1186 863 1240 sit
880 1185 955 1239 nobis

121 1271 196 1325 Deus.
217 1272 254 1334 (1.
271 1269 418 1324 Macetae.
438 1268 465 1334 2,
485 1267 528 1321 19.
546 1266 589 1323 20.
610 1267 667 1343 21.)

188 1353 215 1408 4.
235 1359 424 1420 Argumentum
442 1356 527 1409 reisue
544 1358 757 1421 perseverantiae
783 1359 882 1423 nubet,
910 1359 955 1425 qui

122 1442 151 1494 tte
169 1454 219 1494 suo
238 1441 379 1495 sonetitote
404 1442 471 1495 iniso
497 1442 658 1506 praesumit,
686 1443 755 1508 qnod
781 1444 876 1499 endere
902 1456 955 1499 non

122 1526 210 1591 possit,
249 1528 354 1579 Euhoe
378 1528 494 1581 noscitur
519 1528 601 1581 enimi
627 1527 750 1582 libertus:
779 1531 875 1584 exinde
902 1541 955 1583 non

124 1614 199 1667 moen
219 1614 365 1666 custodium
383 1613 438 1666 sni:
457 1614 541 1667 etsie
559 1621 600 1667 est
618 1614 793 1681 impossibiie,
822 1616 955 1669 hominem

123 1701 148 1753 tn
165 1700 310 1754 sanctitate
328 1710 405 1764 posse
422 1712 601 1764 perseverare.
638 1702 669 1753 m
690 1701 713 1753 st
731 1701 846 1765 Apostoli
868 1705 956 1754 essent

124 1786 149 1840 iu
167 1787 287 1848 mundo,
315 1791 342 1839 et
368 1798 421 1839 non
448 1787 577 1840 heberent
603 1786 749 1841 eusteniam
775 1788 834 1850 sui,
863 1787 955 1841 endere

123 1878 234 1937 possent.
270 1873 425 1936 Exemplum
444 1872 477 1925 tie
495 1872 586 1937 David,
606 1874 650 1938 qni
663 1874 830 1927 homicidium
843 1878 869 1927 et
881 1874 955 1927 euul-

123 1961 214 2014 terinm
241 1958 417 2025 perpetuumu
446 1958 508 2023 quin
538 1958 675 2023 negligens
703 1960 753 2013 init
779 1960 806 2013 iu
836 1960 956 2013 custodie

123 2047 256 2101 omiomm
274 2056 389 2099 snomm.
