2384 3759
507 405 559 464 163

113 551 171 615 eins
181 547 412 602 sacramentaliter
422 559 480 602 asse
492 548 578 613 possit
588 550 617 602 in
633 549 753 614 pluribus
765 553 839 608 loeis.
869 557 952 620 lup:

111 635 318 701 intelligentium
336 638 389 698 est,
409 647 504 699 eorpus
516 635 611 688 cirrlsti
630 647 688 688 asse
705 638 733 690 iu
746 650 798 692 uuo
816 641 874 692 loeo
892 641 911 694 l.
926 653 950 698 e.

112 724 141 777 ln
158 724 245 786 coelo,
273 721 321 774 nii
340 721 461 774 aseendit
477 721 512 774 ari
530 722 664 776 dexteram
682 723 762 786 patris
780 723 798 775 l.
816 737 839 776 e.
861 726 953 779 ursini·

112 811 174 864 liter
200 809 230 860 in
257 808 342 861 iorma
366 809 491 861 hnmana.
527 808 628 861 veritas
646 812 734 862 muron
756 809 812 873 eius
830 810 848 862 i.
870 823 893 864 e.
914 813 953 868 ll·

112 896 211 951 unitas
237 893 336 959 nitique
362 898 412 947 est.
453 894 555 947 veritos
581 897 670 948 tamem
698 894 754 958 eius
780 895 798 946 i.
817 907 840 948 e.
860 908 953 952 vemm

113 993 210 1047 eorpus
234 981 265 1034 in
290 981 362 1034 omni
388 980 466 1033 altari
491 980 718 1034 sacramentaliter
742 988 791 1044 est,
820 982 866 1035 ulti
884 985 954 1036 aele-

113 1069 215 1122 iratur.
254 1068 423 1122 innocentius
439 1068 502 1120 ili:
535 1065 669 1129 Disposuit
690 1067 814 1120 eoelestis
840 1069 954 1122 altitudo

112 1155 233 1210 consilii:
261 1153 331 1207 siant
355 1156 408 1208 tres
424 1165 554 1217 personae
571 1155 634 1206 snut
658 1151 685 1205 in
704 1152 805 1207 unitate
822 1155 953 1210 essentiae

113 1255 148 1297 se
178 1243 260 1306 pater
276 1243 305 1294 et
319 1238 390 1292 iilius
408 1242 435 1292 et
451 1239 559 1303 spiritns
576 1243 699 1303 sanetus,
728 1241 766 1294 lta
793 1245 847 1296 tres
864 1245 954 1298 esseni

112 1325 280 1382 mustantiae
306 1325 334 1378 ln
361 1326 463 1378 unitate
488 1337 617 1389 personae
643 1338 680 1379 so.
704 1327 829 1382 diuinitas
846 1329 953 1393 christi.

113 1426 211 1479 eorpus
230 1415 259 1465 et
275 1411 372 1466 anima.
409 1413 473 1466 cum
500 1423 562 1476 ergo
580 1414 698 1468 christus
715 1415 859 1468 secuudum
877 1417 953 1470 uatu-

113 1513 171 1555 ram
198 1498 318 1552 diuinam
345 1500 428 1553 imbus
454 1498 538 1552 molis
566 1499 679 1554 existere
709 1499 737 1554 in
765 1502 845 1554 retius
867 1515 905 1554 so.
925 1503 954 1556 ln

114 1587 239 1641 omnibns
266 1597 315 1649 per
341 1586 482 1638 essentiam
508 1585 537 1638 in
554 1574 623 1639 solis
636 1585 716 1650 iustis
733 1597 780 1651 per
797 1588 908 1650 matiam
925 1590 969 1642 in-

115 1673 225 1727 nomine
245 1675 360 1724 assumto
378 1682 426 1733 per
443 1672 577 1734 unionem,
596 1672 682 1725 voluit
704 1674 734 1724 ut
751 1673 821 1725 lrlem
839 1673 954 1736 ipsese·

115 1759 235 1812 ennium
248 1757 389 1809 humanam
401 1758 522 1810 naturam
534 1760 613 1811 otiam
625 1757 709 1810 trinus
718 1758 802 1812 molis
814 1758 955 1812 existeret:

114 1849 146 1902 in
163 1847 242 1900 eoelo
259 1843 388 1907 localiter,
416 1844 444 1896 io
461 1844 542 1898 uerbo
559 1843 744 1908 personaliter,
772 1844 800 1896 in
819 1845 897 1897 altari
914 1857 957 1897 sa·

116 1929 326 1985 eramentaiiter.
357 1929 430 1982 [lude
447 1930 516 1982 siout
526 1930 671 1983 secuudum
683 1930 849 1984 divinitatem
867 1943 957 1984 essen·

116 2018 220 2072 iialiter
239 2018 280 2068 est
296 2015 324 2067 in
342 2014 463 2068 omnious
480 2016 558 2068 relus
585 2015 623 2068 ita
645 2017 790 2070 secundum
807 2017 958 2072 numanita-

117 2109 173 2158 tem
190 2101 422 2156 sacramentaliter
438 2104 510 2154 totus
527 2106 568 2154 est
585 2101 613 2154 in
631 2103 750 2166 pluribus
768 2103 842 2156 loeis.
953 2121 954 2126 ¹

190 2187 279 2242 Tertio
295 2187 422 2252 probatur
439 2189 509 2240 idem
526 2200 575 2252 per
595 2189 728 2242 visibilem
746 2188 958 2252 similitudinem,
993 2185 1014 2206 “”

118 2287 188 2342 quae
206 2273 308 2327 eunetis
325 2274 353 2345 in
371 2274 479 2338 speculo
496 2274 652 2327 declaratur.
681 2275 746 2328 Nam
764 2275 787 2326 si
805 2274 884 2328 larini
896 2279 959 2328 inae

117 2366 198 2429 plura
215 2374 347 2426 proponas
364 2362 480 2426 sperula,
502 2363 538 2429 „in
564 2361 685 2414 omullus
709 2361 857 2425 aequaliter
874 2359 959 2414 etiu-

118 2451 259 2516 tegraliter
284 2461 338 2501 una
364 2447 502 2512 apparebit
527 2446 609 2500 iacies
637 2450 664 2498 et
681 2446 704 2498 si
721 2458 803 2500 unum
821 2448 961 2510 speculum·

118 2539 147 2592 in
175 2538 255 2602 plura
282 2536 366 2588 irusta
392 2535 472 2588 etiam
498 2545 580 2597 parua
599 2531 759 2596 confringas,
778 2533 895 2596 perlaeta
912 2537 960 2588 tua

119 2625 205 2678 iacies
224 2622 252 2674 in
269 2621 380 2685 singulis
408 2622 466 2674 erit.
504 2621 535 2672 lit
561 2620 624 2672 linet
641 2620 777 2683 speculum
800 2620 961 2685 infringatur

120 2711 147 2764 iu
177 2711 265 2774 plura,
293 2708 374 2760 iacies
400 2709 446 2760 tua
472 2709 561 2760 tamen
587 2710 678 2760 manet
704 2707 732 2758 in
755 2707 876 2760 omnibus
894 2720 958 2772 una,

121 2810 171 2852 nea
198 2799 324 2848 mutatur.
362 2795 406 2847 Sio
431 2796 473 2847 est
498 2805 591 2848 resera
618 2794 646 2847 iu
672 2798 836 2848 sacramento
855 2793 960 2855 chrisa,

122 2886 167 2951 oui
194 2883 333 2947 speculum
360 2880 456 2934 linitur
481 2883 509 2933 et
536 2881 625 2944 imago
652 2880 776 2934 bonitatis
803 2881 886 2933 lilius.
932 2879 961 2931 Si

123 2984 186 3038 ergo
203 2969 342 3033 specuium
358 2968 376 3020 i.
397 2980 422 3021 e.
440 2968 524 3020 iorma
542 2967 618 3030 panis
644 2967 673 3019 in
699 2972 787 3030 partes
813 2967 903 3030 plures
921 2965 962 3018 tii·

122 3060 239 3121 uitiatur,
259 3055 286 3107 iu
304 3054 416 3118 siugulis
433 3053 484 3105 erit
500 3053 575 3104 uuita
592 3055 645 3106 Deo
673 3055 690 3106 i.
710 3066 733 3106 e.
760 3066 850 3107 verum
869 3065 962 3117 eorpus

124 3143 232 3200 coristi.
267 3140 452 3203 Hieronymus:
482 3139 585 3202 Singuli
604 3139 719 3192 iidelinm
739 3140 871 3201 accipiunt
889 3139 962 3192 ctori-

125 3235 194 3285 stnm
225 3231 310 3282 totum
340 3231 368 3280 et
397 3227 425 3278 ln
464 3226 577 3290 singolis
613 3223 785 3355 portionibus1
792 3225 881 3338 ntotus
913 3226 962 3286 est,
