2384 3759
623 345 675 403 120

232 487 302 539 oona
319 487 347 539 et
358 485 470 550 indicia,
497 487 526 539 iu
551 486 646 553 5555555
668 498 722 539 555
744 488 842 541 ritem.
862 489 922 547 (55
942 482 986 551 20,
1004 486 1059 547 25

231 573 374 634 Praecepta
391 584 444 625 non
462 572 568 635 55555·
559 586 578 624 5.
593 584 617 625 5.
637 574 724 627 minus
742 573 811 625 5555
823 576 850 625 55
860 571 988 625 sacrificia
1005 564 1102 641 55555

232 658 442 721 caeremonialia,
461 659 489 711 55
506 658 602 723 ouibus
613 670 666 711 non
679 658 779 723 vivent,
796 670 857 722 55555
869 658 951 711 vitam
963 658 1058 721 gratiae
1101 662 1102 751 5

231 756 285 797 555
310 745 490 797 conterebant.
527 744 683 807 5555555555
701 755 803 808 quoque
824 744 860 795 sit
877 744 1058 807 praecedentes
1101 760 1102 851 5

231 831 349 885 mandati
360 834 468 895 propter
485 830 664 885 infirmitatem
682 830 737 893 ejus
756 824 1102 921 ctinntiiitntem3nii1iii¹

231 918 302 972 enim
328 918 361 970 ad
381 919 533 983 perrectum
559 916 672 971 adduxit
688 918 746 981 5555,
775 917 848 981 quasi
875 921 984 981 propter
1008 915 1057 979 ejus
1101 886 1102 1011 5

230 1005 406 1067 sterilitatem,
426 1004 487 1069 qnia
504 1015 557 1055 555
575 1001 727 1055 5555555555
742 1001 861 1065 gratiam.
1101 1014 1102 1091 5

301 1092 396 1143 155555
407 1089 579 1141 stitutionis
588 1100 685 1142 cauea
695 1092 736 1141 cst
747 1088 821 1141 crtus
830 1088 952 1140 55555555.
977 1086 1054 1148 citus,
1101 1094 1102 1113 ¹

230 1176 344 1239 inquam,
358 1173 526 1236 medicinalis
535 1177 626 1227 contra
635 1174 706 1239 pomi
717 1173 844 1227 mortiieri
861 1173 1054 1239 corruptionem,

229 1272 296 1323 puae
315 1263 368 1311 tam
381 1271 462 1322 prava
480 1259 570 1313 intusa
588 1263 630 1313 cet
647 1274 694 1325 per
706 1260 803 1325 primos
816 1264 938 1325 parentes
951 1262 1054 1313 humano

228 1344 328 1409 generi,
348 1350 378 1402 55
395 1348 465 1399 esset
482 1346 646 1411 incurabilis,
666 1347 719 1399 nisi
736 1345 921 1399 subveniretur
933 1346 1053 1398 medicina

228 1431 336 1495 optima,
356 1443 434 1495 555555
447 1435 536 1495 posset
549 1434 637 1487 iacere
649 1434 789 1497 prudentia
800 1433 856 1485 555.
877 1432 954 1487 Eccl.
965 1428 1006 1495 38,
1018 1427 1052 1481 t:

227 1517 373 1571 attissimus
391 1518 423 1571 de
436 1523 515 1583 terro,
536 1521 554 1573 i.
574 1532 598 1573 c.
620 1520 654 1573 de
671 1530 751 1573 carne
768 1518 880 1582 virginis
898 1518 1052 1571 creavitme·

227 1604 341 1659 dicinam
360 1606 388 1657 et
405 1605 446 1657 555
463 1606 577 1669 prudeus
595 1618 648 1659 non
660 1604 811 1660 abhorrebit
828 1616 896 1659 eum.
928 1604 1049 1657 55555555

227 1691 326 1755 corpus
344 1691 440 1745 0555555
467 1692 599 1746 medicina
617 1692 761 1758 spiritualis
779 1695 832 1755 est,
860 1702 928 1754 puae
945 1702 1001 1743 cum
1015 1698 1050 1741 rc·

226 1778 347 1831 verentia
365 1778 503 1841 degustata
535 1779 588 1832 5555
612 1779 720 1833 devotos
746 1776 874 1841 55555555.
911 1776 950 1829 nd
967 1785 1050 1837 555555·

227 1864 353 1917 scendum
364 1866 492 1919 rationem
505 1866 671 1917 necessitatis
683 1864 828 1918 medicinae
841 1862 955 1925 corporis
966 1858 1048 1915 curisti
1101 1892 1102 1949 5

226 1950 374 2014 sciendum,
403 1950 472 2015 quod
490 1962 599 2015 serpens
625 1952 757 2014 malignus
781 1949 879 2001 iniudit
896 1947 992 2001 5555555
1007 1956 1049 2009 per

226 2047 356 2089 55555555
383 2037 435 2090 citi
453 2037 528 2089 vetiti
556 2036 686 2101 triplicem
708 2038 900 2099 corruptionem
926 2033 1047 2085 inanima

225 2133 263 2174 sc.
283 2124 405 2177 tenebras
431 2122 614 2187 ignorantiae,
645 2123 673 2175 in
700 2135 808 2187 corpore
826 2122 945 2174 55555555
962 2128 1047 2183 pratae

226 2208 454 2269 concupiscentiae
480 2213 508 2261 et
525 2212 636 2263 mortem
655 2210 801 2273 utrobique.
839 2210 932 2261 Contra
954 2210 999 2259 noc
1013 2204 1045 2257 55-

226 2290 345 2344 stitutum
364 2296 405 2346 est
429 2296 547 2360 corporis
564 2296 660 2351 christi
691 2287 909 2349 medicamentum
938 2292 1045 2345 55555555
1101 2270 1102 2363 5

226 2378 387 2441 ignorantiae
405 2381 556 2444 illustrans,
576 2380 696 2435 55555555
715 2380 942 2443 concupiscentiae
960 2388 1045 2431 sanans
1101 2366 1102 2441 5

225 2467 253 2515 55
281 2466 391 2517 mortem
421 2469 536 2521 nostram
563 2467 731 2521 mortificans.
777 2469 884 2531 Propter
913 2468 976 2519 5555
1002 2463 1043 2515 trie

224 2550 310 2612 potest
328 2552 473 2613 comparari
503 2553 601 2617 tripiici
620 2552 691 2623 duici
709 2552 768 2605 5555
795 2556 822 2605 et-
839 2550 996 2611 medicinali,
1011 2560 1041 2601 sc.
1101 2614 1102 2623 5

225 2634 298 2687 metii
317 2639 424 2699 propter
441 2636 563 2701 primum,
583 2638 644 2693 55555
665 2642 771 2702 propter
788 2636 940 2699 secundom,
960 2633 1041 2690 fructui
1101 2628 1102 2671 t

224 2732 292 2773 5555
320 2725 427 2785 propter
453 2724 567 2777 tertium.
605 2725 642 2777 55
669 2724 769 2788 primo:
799 2724 911 2777 comede
936 2722 972 2776 555
989 2722 1040 2782 nei,
1101 2712 1102 2729 ¹

224 2806 348 2871 quoniam
374 2808 470 2860 bonum
500 2814 549 2861 est.
586 2811 638 2863 5555
656 2822 749 2874 corpus
769 2810 862 2864 christi
879 2810 958 2862 dulce
974 2807 1041 2873 signi·

223 2892 293 2945 dcet.
331 2893 384 2946 Hoc
402 2892 500 2947 555555
518 2898 567 2956 555,
586 2895 647 2959 quia
665 2898 787 2950 tenebras
799 2897 894 2949 mentis
913 2895 1037 2949 illuminat.

224 2977 262 3030 ct.
283 2979 302 3030 i.
323 2979 384 3042 555.
405 2974 448 3040 14,
468 2974 511 3029 20.
546 2980 580 3031 is.
600 2979 625 3043 7,
644 2976 687 3031 22.
723 2978 890 3046 Ρ5.26,1.;
914 2978 1039 3046 33,-6.-

223 3062 259 3113 ite
268 3063 396 3115 secundo:
410 3062 494 3126 Ficus,
504 3060 570 3115 ficus
579 3064 669 3129 donas,
680 3064 761 3119 bonas
770 3069 855 3121 vaide.
868 3068 942 3133 (der.
956 3065 995 3131 24,
1006 3063 1039 3127 3.)
1101 3056 1102 3115 5

178 3146 181 3152 ’
223 3144 297 3198 dicus
323 3148 364 3199 bis
382 3148 468 3201 dictae
494 3146 569 3201 dulce
589 3149 686 3212 corpus
706 3150 800 3205 christi
825 3154 871 3207 555
895 3157 923 3207 55
942 3152 1038 3207 hominis
