2384 3759
535 351 591 408 tto

132 497 270 548 mutentur
299 496 329 545 et
355 492 474 546 memoro
502 492 561 556 etus
590 492 753 560 efficiuntur,
784 496 853 561 quod
880 505 986 562 corpus·
1080 533 1089 552 .

133 581 231 636 diruti
251 579 316 631 dum
333 577 508 630 munducatur
525 583 718 644 augmentetur.

202 665 329 719 secundo
341 665 470 736 probetur
480 664 550 717 idem
562 665 736 719 similitudine
747 668 878 719 numanae
890 669 975 722 scien·

132 752 201 817 tiue3
233 763 297 803 num
327 753 425 814 quanto
454 749 537 814 mosis
560 753 639 805 toruo
664 751 802 805 scientium
825 763 897 804 suom
916 753 975 807 otiis

133 837 281 899 distribuit,
309 838 382 888 tento
399 837 460 900 ptus
477 839 586 891 crescit:
617 839 724 892 Domine
743 842 857 903 quinque
874 839 976 892 talentu

133 919 447 988 etc.(1attd.25‚20.)
482 924 611 977 Similiter
632 925 723 978 diuino
741 923 872 988 sapientie
889 923 975 976 inctr-

132 1014 195 1064 notu
221 1008 318 1061 multis
346 1009 374 1061 iu
392 1008 480 1061 citium
498 1009 593 1062 denoto
611 1010 743 1075 sopientes
770 1010 834 1062 tecit
857 1012 884 1062 et
901 1010 929 1062 in
946 1021 975 1062 se

133 1093 337 1160 quodammodo
358 1095 489 1148 conuertit
515 1099 543 1148 et
559 1097 599 1148 sic
617 1096 679 1148 dum
695 1095 841 1148 comeditur
857 1106 910 1154 nou
926 1095 976 1147 mt-

132 1182 227 1234 unitur
244 1179 293 1231 sed
311 1181 511 1243 augmentetur:
532 1183 684 1236 crescamus
702 1181 731 1235 in
748 1181 796 1234 itio
813 1192 862 1245 per
877 1181 975 1243 omniu,

133 1267 179 1332 nui
199 1268 243 1319 est
260 1268 341 1329 ceput
357 1255 476 1319 nostrum
494 1267 627 1332 cunutus,
657 1279 691 1321 ex
708 1279 760 1334 quo
771 1269 862 1320 'totoni
880 1277 975 1330 corpus

133 1354 302 1416 compactum
320 1363 357 1404 sc.
377 1362 425 1414 per
440 1350 520 1405 iidem
538 1356 565 1406 et
582 1365 729 1407 connexum
748 1356 809 1418 (per
826 1351 976 1410 antean)

132 1439 161 1490 in
188 1447 343 1490 mensurum
369 1435 574 1502 uniuscujusque
600 1438 711 1493 membri
733 1443 901 1506 augmentum
919 1449 976 1492 cor·

132 1524 207 1587 pons
234 1523 301 1575 tecit
325 1522 353 1574 in
373 1522 582 1577 aedificationem
606 1526 647 1579 sui
675 1527 702 1579 in
725 1527 843 1579 caritate.
862 1525 973 1590 (Epdeo.

132 1605 160 1673 4,
178 1604 242 1669 lit.)

139 1983 299 2061 Quartam
311 1981 509 2070 principale:
532 1981 570 2048 de
585 1987 839 2072 praeparatione
862 1985 975 2052 adhoc

235 2093 239 2099 ’
439 2099 680 2157 sacramentam.

349 2347 352 2352 ,
436 2271 592 2344 annun
614 2272 695 2340 xv,
790 2361 793 2367 .

136 2411 185 2469 lte
206 2411 361 2484 qualitate
380 2413 510 2467 nostrae
528 2409 787 2552 put-:epnuotionis
806 2407 847 2464 od
860 2407 972 2465 Socra·

479 2511 553 2553 men
589 2511 632 2554 m.

210 2647 335 2709 ouortum
352 2645 536 2710 principaliter
551 2647 622 2701 circo
644 2646 835 2699 sacromentum
852 2645 977 2700 dominici

138 2733 257 2798 corporis
274 2732 419 2786 noandum
438 2736 479 2785 est
504 2732 618 2798 quotins
634 2735 740 2784 nostroe
757 2733 974 2796 praeparationis.

139 2822 209 2875 tium
225 2818 307 2872 uelde
321 2820 421 2884 justum
439 2821 488 2883 est,
508 2822 538 2872 ut
555 2819 588 2872 td
607 2823 661 2872 tum
679 2818 786 2882 dignum
805 2823 831 2870 et
848 2828 977 2871 veneron-

138 2907 203 2961 dum
234 2905 322 2958 citium
348 2917 385 2957 sc.
413 2904 448 2956 td
472 2905 559 2968 ipsum
576 2902 714 2957 dominum
733 2903 848 2956 omnium
867 2913 919 2954 uon
937 2902 977 2954 in·

137 2995 233 3046 curete
250 2994 279 3044 et
296 2990 433 3054 indevote,
461 2990 508 3042 sed
525 2988 613 3053 utiquo
631 2989 789 3052 competenti
806 2988 884 3040 modo
901 2998 977 3050 proe-

136 3078 225 3143 portti
244 3077 413 3130 accedemus:
442 3075 606 3138 mandates
631 3076 675 3140 qui
694 3073 822 3127 accedunt
839 3073 872 3125 ad
890 3073 979 3126 itomi·

138 3175 213 3227 num,
232 3161 437 3233 sanctificentur,
465 3172 499 3213 ne
517 3158 647 3223 percutiet
664 3171 709 3212 eos
726 3159 790 3217 (iia.
801 3155 845 3219 19,
858 3154 917 3221 21);
940 3159 976 3210 si·
