2384 3759
548 354 583 409 st

144 498 207 563 ipss
225 496 283 548 vita
301 494 376 559 digni
394 505 493 557 sumus,
512 506 561 547 uec
578 494 721 547 meruimus
745 506 804 549 esse
826 506 929 549 vernes
946 496 989 551 iu·

144 587 186 637 ter
203 583 274 635 alios
292 585 435 634 creaturas.
986 610 988 615 ·

216 670 284 721 item
303 667 337 719 ad
355 667 383 719 id
401 676 449 719 nos
467 664 592 719 iuducere
604 664 681 717 debet
695 664 795 719 utilitas
808 667 985 730 gratitudinis.

144 755 211 808 llam
230 754 290 816 ipsa
308 753 394 817 aperit
411 752 509 805 iontem
532 751 659 815 pietatis,
688 754 716 803 11
738 754 827 804 movet
846 752 929 805 ileum
952 754 987 805 ad

144 839 326 901 effluendum
345 840 415 891 sicut
431 836 592 902 ingratitudo
618 836 733 889 exsiccat
757 836 857 890 iontem
880 837 987 891 divinus

143 926 264 990 pietatis,
282 922 480 975 misericordiae
490 933 585 987 rorem,
600 925 628 975 11
639 922 737 975 duania
749 921 859 986 gratiae.
887 924 989 985 ouante

145 1010 216 1063 enim
237 1008 323 1073 major
340 1012 381 1061 est
398 1009 530 1073 gratitudo
548 1008 577 1061 in
600 1008 701 1072 anima,
726 1010 800 1061 tauto
821 1006 852 1061 111
873 1005 990 1061 habilior

144 1095 178 1147 ad
197 1095 314 1160 gratiam
330 1094 522 1158 recipiendam,
548 1097 575 1145 et
592 1095 665 1147 tauto
684 1094 797 1157 amplius
814 1093 917 1158 cogitur
934 1094 989 1147 iar·

143 1182 271 1246 gtssimus
288 1181 356 1233 licus
374 1181 407 1231 ad
425 1180 599 1244 largiendum.

215 1264 245 1319 4.
265 1270 451 1329 Argumentum
469 1277 548 1319 uerae
565 1264 732 1329 gratitudinis
750 1266 838 1330 nabet,
859 1267 903 1331 oui
921 1278 985 1331 peu-

142 1352 213 1405 satis
231 1352 344 1415 singulis
361 1351 539 1415 supradictis,
559 1362 627 1416 quae
639 1352 728 1405 valent
741 1351 775 1403 ad
787 1352 985 1415 gratitudinem,

142 1448 192 1502 pro
210 1436 324 1499 singuiis
342 1435 417 1487 donis
435 1436 522 1499 parvis
540 1438 568 1487 et
585 1438 688 1500 magnis
707 1449 739 1489 ex
758 1440 813 1490 toto
831 1437 909 1491 corde
927 1449 986 1503 gra·

144 1522 198 1575 tias
217 1521 282 1585 agit,
302 1532 361 1573 cam
381 1534 412 1573 ea
429 1524 581 1575 reverenter
596 1522 752 1586 susceperit,
772 1525 799 1573 et
811 1535 844 1575 ex
857 1526 913 1574 toto
925 1522 985 1574 nisu

145 1608 250 1673 gratias
276 1607 310 1659 ala
337 1607 514 1681 amantissimo
538 1607 646 1659 Domino
673 1610 807 1670 susceptas
831 1608 985 1672 impollutas

143 1704 255 1747 servare
272 1693 414 1745 contendit.
444 1693 576 1755 Quomodo
588 1694 659 1746 euim
678 1692 755 1745 amici
766 1693 863 1745 donum
882 1695 986 1755 gratum

143 1779 205 1843 luit,
226 1778 297 1842 quod
315 1790 368 1831 non
386 1782 520 1842 gratanter
536 1779 663 1842 suscepit,
682 1781 709 1830 et
722 1782 774 1830 iam
787 1778 873 1829 subita
892 1779 988 1839 sponte

143 1859 271 1917 deturbat
288 1867 314 1915 11
332 1865 443 1917 amitiit?
473 1866 526 1917 Nec
547 1865 633 1916 solum
656 1862 818 1926 gratitudine
836 1862 987 1926 indigemus

144 1950 174 2002 in
191 1950 245 2013 iris,
262 1962 330 2013 quae
346 1950 452 2002 suntad
465 1952 580 2001 nostram
593 1948 814 2011 consolationem
835 1948 882 1999 sed
902 1948 985 2001 etiem

143 2036 173 2087 in
191 2035 237 2097 iis,
256 2037 404 2099 quaesunt
425 2035 458 2087 ad
484 2037 599 2087 nostram
618 2034 796 2087 afflictionem.
834 2035 872 2087 Ex
890 2033 984 2087 eadem

143 2122 244 2187 quippe
262 2120 380 2173 multata
399 2124 426 2173 11
443 2120 573 2173 cluniace
590 2120 637 2173 dat
653 2121 721 2173 Deus
739 2122 885 2185 utrumque.
918 2118 988 2175 ilinc

144 2211 197 2271 est,
218 2206 392 2271 pandionias
410 2206 459 2259 ait:
478 2206 608 2259 Benedico
620 2210 656 2270 11,
675 2204 791 2269 liomine,
811 2206 878 2259 lieus
889 2206 984 2267 rauel.

142 2291 208 2357 unia
228 2298 256 2344 tu
274 2291 406 2355 castigasti
424 2304 477 2355 me,
496 2294 525 2354 et
540 2296 570 2345 tu
581 2292 690 2345 salvasti
704 2304 754 2345 ote.
774 2288 984 2357 (1111117.)

142 2368 183 2431 Ad
202 2378 341 2441 aequalem
359 2377 429 2429 euim
447 2377 559 2441 gratiam
577 2378 605 2430 iu
617 2378 760 2441 praesenti,
781 2382 808 2431 et
825 2378 984 2442 gloriam-iu

142 2463 235 2515 tuturo
263 2463 331 2515 lieus
355 2461 401 2513 dat
426 2462 577 2515 dominibus
593 2462 775 2528 devotionem,
805 2468 831 2517 et
857 2465 990 2529 permittit·

143 2548 342 2601 tribulationem
372 2550 503 2615 etenim
534 2551 577 2603 vel
612 2551 645 2603 ad
674 2552 800 2615 maiorem
829 2553 983 2617 utilitatem,

142 2633 214 2686 sicut
231 2633 352 2696 permisit
367 2635 429 2698 iol,
452 2636 497 2699 gui
520 2635 599 2689 dixit:
627 2636 655 2687 Si
681 2635 749 2689 bona
770 2637 932 2701 suscepimus
950 2639 984 2692 de

141 2731 225 2773 manu
243 2719 303 2782 liei,
329 2721 400 2773 mala
418 2732 498 2786 quare
515 2734 569 2774 nou
586 2722 777 2785 suscipiamus?
795 2724 859 2786 (lod
877 2721 903 2787 2,
924 2721 988 2785 10.)

141 2805 219 2870 guasi
238 2805 323 2857 dicat:
344 2806 485 2872 Utrumque
502 2809 637 2871 graiamar
653 2810 787 2874 suscipere
804 2810 939 2865 debemus,

213 2887 241 2942 5.
262 2894 449 2955 Argumentum
471 2892 667 2955 ingratitudinis
689 2894 781 2958 nabet,
806 2896 910 2959 quaudo
933 2896 983 2947 ali·

142 2975 202 3041 uuis
220 2976 334 3029 obstruit
351 2988 396 3029 cor
411 2988 488 3030 suum
505 2978 594 3043 aitqua
612 2980 839 3043 malavoluntate,
858 2981 903 3031 vel
920 2990 983 3031 rau·

142 3073 221 3127 core,
250 3062 296 3115 sei
322 3061 450 3127 levitate,
477 3064 521 3117 vel
548 3064 725 3119 delectatione
751 3062 907 3125 temporali,
937 3064 989 3115 uei.

787 3143 804 3197 5
810 3145 825 3176 s
