2384 3759
633 380 668 435 90

231 523 339 590 quidem
357 521 402 575 lici
422 524 449 573 et
470 520 581 585 plurimi
610 524 665 573 tola
692 524 778 573 menie
804 519 931 583 retinere;
963 519 1011 571 sed
1039 520 1071 572 ai

231 608 365 660 exteriore
384 606 486 659 actione
512 606 665 670 quiescere,
692 606 742 657 soli
770 606 898 658 desiderio
921 605 1071 659 conditoris

238 695 388 757 inhaerere,
408 697 437 744 ui
454 692 492 745 nli
508 691 561 756 lam
581 704 660 756 agere
679 692 787 755 deteai3
809 692 855 745 sed
873 692 984 745 calcatis
1003 693 1071 744 curis

230 780 356 833 omuibus
382 777 415 830 cd
442 777 580 831 ridendam
614 778 712 830 laclom
739 778 780 830 sui
808 778 936 831 creaturis
966 778 1071 830 animos

232 866 400 926 inardescat,
428 864 483 926 itu,
511 867 541 915 nt
563 863 617 927 jum
646 862 749 916 noverit
776 864 859 915 carnis
890 863 1070 927 corruptibilis

232 951 337 1017 pondus
355 961 414 1003 cum
432 960 549 1002 moerore
567 954 681 1013 portare,
702 950 813 1014 totisque
831 948 970 1001 desiderils
991 961 1070 1012 anue-

232 1044 291 1091 tere
309 1037 362 1090 illls
380 1034 535 1099 uynnldicls
554 1036 706 1098 angelorum
719 1035 803 1087 choris
819 1035 953 1099 interesse,
972 1034 1068 1086 adrnis

232 1124 290 1177 ceri
307 1121 465 1175 coelestibus
483 1119 599 1183 civibus,
625 1120 657 1173 de
681 1122 787 1173 aeterna
810 1122 836 1173 in
859 1124 1002 1184 conspectu
1026 1120 1069 1173 liel

237 1206 436 1269 incorruptione
453 1205 576 1269 uendere.

304 1287 331 1341 5,
351 1293 538 1353 Argumentum
557 1292 641 1345 laisee
660 1292 888 1355 contemplationis
906 1291 1001 1354 hobel,
1026 1292 1070 1356 qul

233 1375 336 1440 eilonld
354 1374 468 1441 dc'lleo,
486 1377 529 1429 vei
548 1377 636 1443 aliqua
656 1377 815 1441 porrectione
834 1376 891 1441 eius
908 1376 1003 1437 habet,
1028 1376 1069 1428 cul

236 1462 335 1514 ueritas
353 1472 443 1514 sacrae
460 1464 604 1527 scriptume
623 1464 789 1516 contradicit:
810 1468 836 1515 el
854 1464 904 1515 lioc
922 1468 1012 1515 lumen
1026 1474 1071 1525 per

234 1546 352 1601 cotiones
376 1551 474 1601 temere
496 1547 622 1602 defendit.
658 1550 694 1602 Ex
717 1549 846 1603 lnocollm
865 1550 990 1601 haereses
1011 1560 1070 1611 oro·

233 1636 380 1696 cesserunt,
399 1632 500 1687 scilicet
518 1634 581 1698 arii,
601 1636 644 1700 qui
663 1630 754 1688 l'lllum
773 1640 939 1687 coaelemnm
964 1638 993 1686 el
1010 1646 1070 1687 cou-

235 1717 436 1771 substantialem
454 1720 524 1772 Petri
541 1719 662 1783 negauit:
688 1725 715 1771 et
732 1718 855 1782 sabellii,
880 1719 924 1783 ool
944 1730 1071 1783 personas

236 1806 266 1858 in
283 1804 409 1858 Trinitate
425 1804 553 1869 conludii,
574 1816 674 1869 ponens
692 1806 852 1859 nominulcm
875 1808 978 1857 tunium
998 1805 1071 1857 dide·

236 1890 359 1953 rentiam,
380 1902 439 1943 cnm
457 1902 518 1943 rere
537 1890 881 1954 dillemntnroorietalitus.
910 1892 990 1944 Pater
1002 1890 1071 1943 enim

235 1980 342 2042 uroprle
360 1978 440 2031 halet
457 1977 695 2040 innascibilitatem,
716 1978 794 2031 lilius
812 1978 917 2041 orontio
936 1976 1072 2029 uascltlli·

234 2068 329 2127 tutem,
347 2064 460 2128 spiritus
477 2072 584 2116 sauctus
602 2063 802 2127 processionem.

478 2414 633 2486 CAPUT
655 2412 826 2485 XXXIV.

451 2571 511 2627 De
540 2570 859 2627 discretione.

311 2741 336 2797 l.
365 2744 489 2798 lilscretlo
516 2756 580 2798 vern
607 2753 664 2809 est,
692 2745 836 2808 prudenter
858 2742 980 2809 iudicare
1008 2745 1075 2797 luter

238 2832 390 2883 erectorem
418 2835 445 2882 ei
470 2837 629 2884 creaturam:
659 2831 721 2898 ould
748 2832 782 2883 slt
800 2833 927 2892 creator,
956 2835 985 2883 et
1015 2831 1074 2897 qnid

238 2920 369 2969 creatura.
394 2918 458 2969 item
471 2916 622 2981 diiudicare,
641 2918 703 2983 quid
715 2918 864 2980 rittodum,
886 2916 949 2982 ould
967 2918 1072 2979 melias,

238 3003 349 3067 etquid
367 3001 506 3065 colinum,
525 3002 587 3066 quid
605 3005 718 3064 mulum,
744 3003 806 3067 qnid
824 3002 911 3067 peius,
942 3006 970 3057 et
995 3004 1076 3067 nessi·

239 3098 326 3139 nrum:
355 3091 480 3152 quantum
506 3086 542 3137 sit
558 3084 653 3139 bonum
674 3089 866 3151 appetendum,
896 3090 923 3140 et
948 3095 1076 3153 quantun

139 3220 143 3226 .
239 3174 340 3225 maium
367 3172 403 3225 sit
427 3170 618 3224 detestandum.
656 3175 721 3226 item
747 3178 873 3238 quantun
897 3174 1076 3227 reuerentiam
