2384 3759
546 360 598 417 173
647 411 652 421 .

433 616 589 687 CAPUT
611 617 708 684 xvi.

149 773 200 830 iie
217 773 469 845 praeparatione
486 774 599 829 nostra
624 773 769 829 intortio
787 787 832 829 sc.
851 775 883 828 in
902 789 987 874 agno
1038 856 1041 862 1

492 876 649 948 paschali.

220 1017 272 1071 liic
289 1016 429 1070 dicendum
441 1021 490 1083 est,
510 1018 623 1084 qualiter
641 1031 674 1072 ex
686 1018 770 1083 figura
782 1020 844 1082 agni
856 1019 987 1084 paschaiis

151 1103 337 1159 consideretur
352 1107 456 1156 nostrae
474 1103 680 1169 praeparationis
698 1103 799 1168 modus,
820 1104 852 1156 de
870 1117 921 1170 qua
937 1107 984 1160 iix.

151 1188 196 1256 12,
207 1185 235 1242 5.
257 1189 380 1253 legimus.
416 1191 486 1244 Haec
502 1191 588 1255 tigura
614 1190 641 1242 in
659 1193 712 1242 tres
729 1191 817 1254 partes
835 1189 984 1244 dividenda.

149 1277 240 1331 i’rirna
267 1287 329 1340 pars
355 1278 397 1328 est
413 1276 470 1340 ipse
487 1289 569 1340 agnus
587 1276 715 1340 edendus,
744 1275 860 1330 secunda
886 1276 988 1330 iercuia

152 1375 212 1418 cum
231 1361 327 1428 quibus
345 1364 386 1414 cst
403 1361 529 1428 edendus,
558 1361 638 1416 tertia
664 1374 835 1426 personarum
853 1363 988 1416 edentium

151 1447 270 1503 habitus.
308 1448 339 1500 in
364 1448 450 1512 prima
467 1448 591 1501 discimus
609 1450 759 1514 praeparari
776 1462 824 1513 per
840 1449 901 1502 fidei
919 1449 987 1504 inte·

151 1537 288 1602 gritatem,
306 1533 336 1585 in
354 1535 470 1587 secunda
487 1546 536 1599 per
552 1535 633 1588 animi
645 1535 845 1600 virtuositatem,
865 1537 892 1590 in
910 1536 988 1589 tertia

152 1633 201 1687 per
218 1621 292 1676 uitae
309 1620 481 1674 honestatem.
941 1657 943 1661 ,

224 1708 326 1760 Pnnra:
345 1719 406 1770 pars
424 1708 500 1760 istius
518 1712 559 1761 est
579 1709 637 1774 ipse
655 1722 753 1774 agnus,
781 1709 825 1776 qui
843 1709 941 1762 secund

152 1798 242 1859 legent
260 1793 437 1846 manducatur
453 1798 479 1846 et
496 1794 525 1846 in
543 1797 592 1847 noc
610 1795 662 1848 tria
679 1797 890 1850 considerantur:

225 1882 313 1934 Primo
323 1893 330 1932 z
342 1880 446 1945 quando
458 1881 634 1934 comedendus
646 1884 694 1948 est,
714 1883 775 1947 quia
784 1883 811 1935 in
823 1887 908 1946 nocte,
929 1894 988 1936 cum

150 1980 195 2022 res
213 1968 294 2032 piane
312 1979 365 2019 non
382 1967 496 2032 videtur,
524 1967 553 2020 in
570 1964 621 2033 uno
639 1968 798 2022 credendum
815 1969 986 2034 significatur,

152 2066 205 2119 quo
225 2064 319 2116 corpus
338 2049 434 2106 Christi
451 2053 480 2104 in
497 2055 723 2126 praesentimus
741 2055 797 2109 dari
815 2055 914 2118 deurit,
934 2067 988 2109 non

151 2139 332 2202 manifestum,
359 2138 407 2190 sed
433 2138 461 2191 in
478 2143 641 2192 sacramento
663 2141 787 2193 velatum.
825 2140 988 2194 insecundo

151 2239 189 2280 sc.
219 2225 289 2292 quod
314 2237 369 2278 non
395 2225 541 2278 comeditur
557 2237 591 2277 ex
615 2237 647 2278 eo
666 2225 788 2288 crudum,
816 2225 987 2290 significatur,

151 2312 221 2378 uuod
250 2323 303 2364 non
330 2310 455 2363 debemus
472 2311 588 2374 credere,
617 2311 748 2364 christum
774 2323 831 2364 esse
857 2312 990 2364 nominem

150 2410 256 2464 porum.
293 2400 368 2460 Item,
387 2398 457 2463 quod
476 2410 529 2450 non
540 2395 685 2450 comeditur
696 2407 763 2459 aqua
776 2401 887 2462 coctum,
908 2399 989 2464 signi·

101 2504 103 2507 ·
151 2484 224 2546 dent,
256 2483 325 2547 quod
343 2494 398 2534 non
417 2482 543 2536 debemus
567 2473 674 2537 credere
693 2483 823 2538 christum
846 2487 989 2541 secundum

152 2581 321 2638 communem
347 2569 482 2622 hominum
514 2569 730 2624 consuetudinem
763 2577 917 2636 conceptum
945 2577 991 2627 aut

152 2661 254 2710 natum.
291 2657 366 2717 Item,
399 2655 468 2720 qnod
494 2657 664 2710 comederunt
691 2669 751 2710 eum
777 2661 878 2712 tantum
901 2671 990 2712 assum

90 2795 94 2800 ,
154 2743 210 2809 igni
227 2741 368 2807 significat,
389 2741 460 2806 qnod
478 2741 574 2794 curisti
591 2735 738 2796 incainatio
757 2747 784 2797 et
801 2745 856 2810 ejus
874 2744 989 2807 corporis

153 2829 316 2898 consecratio
334 2827 467 2882 credenda
484 2830 525 2881 cst
541 2828 669 2882 celebrari
687 2841 736 2892 per
751 2831 895 2894 potentiam
908 2829 989 2892 spiri·

152 2922 196 2970 tas
212 2915 307 2969 sancti.
344 2917 375 2968 in
392 2915 470 2967 tertio
487 2927 524 2967 sc.
544 2914 614 2979 quod
632 2919 710 2980 caput
728 2916 790 2980 agni
808 2914 989 2979 cumpcdiuus
1062 2917 1065 2924 '

157 3007 185 3056 ct
203 3002 336 3056 intestinis
348 2999 435 3054 vorari
446 3000 614 3065 praecipitur,
635 3001 795 3076 significatur
813 3014 870 3055 esse
883 3001 989 3054 creden·
1012 3058 1019 3068 ‚

159 3089 231 3154 dum,
252 3088 323 3154 quod
342 3087 370 3140 in
388 3088 437 3139 hoc
453 3089 622 3140 sacramento
647 3091 718 3140 totus
737 3089 852 3142 christus
875 3099 933 3141 cum
952 3088 990 3144 di·
1016 3131 1017 3134 ,

158 3177 269 3231 ciuitate
297 3178 324 3228 et
346 3183 454 3237 corpore
483 3177 512 3225 et
537 3173 626 3226 anima
652 3173 801 3226 continetur
824 3177 850 3228 et
868 3175 989 3230 sumitur.
