2384 3759
630 390 681 447 104

237 533 309 597 Quod
329 543 464 596 exponens
481 533 510 585 n.
530 532 667 597 ungarius
691 532 766 585 dlcit:
791 534 859 587 Tunc
885 533 986 585 etenim
1007 535 1076 585 irene

237 624 353 673 nostram
371 619 486 672 animaru
498 620 609 684 odimus,
631 632 690 673 cunr
702 620 758 685 ejus
770 620 919 673 carnalibus
932 620 1076 673 desideriis

236 716 291 759 non
320 705 532 769 adquiescimus:
564 718 623 758 cum
654 706 710 770 clus
739 706 884 769 appetitum
913 706 1074 770 manaimus,

236 791 294 855 elus
311 786 487 856 uoluntatibus
504 791 671 845 reluctamur.
715 792 784 853 oute
806 802 868 855 ergo
886 796 1024 846 contemta
1043 791 1075 843 ad

237 878 334 930 ruelius
352 878 464 937 ducitur,
493 877 566 941 auasl
585 889 633 940 ner
650 877 738 930 odium
756 880 864 931 amatur.
908 877 956 941 oui
984 882 1074 930 autent

236 964 352 1017 animam
370 976 445 1016 suam
463 978 480 1015 a
497 963 717 1026 concupiscentiis
733 976 785 1017 non
807 964 956 1025 refraenat,
989 964 1018 1016 in
1038 966 1074 1016 la·

236 1063 334 1115 aureos
364 1050 463 1103 dialroli
489 1061 518 1102 se
535 1050 708 1115 praecipitat,
738 1050 879 1103 secundum
897 1049 964 1102 illud
984 1052 1074 1103 Eccle-

236 1137 337 1189 siastici
367 1132 424 1197 (18,
443 1132 502 1194 31.)
533 1137 560 1188 Si
586 1140 705 1199 praestes
731 1136 834 1189 animae
856 1142 917 1188 tuae
935 1137 1073 1200 concupis·

236 1222 340 1273 centias
359 1220 425 1282 ejus,
445 1220 525 1273 laclet
541 1224 567 1273 te
585 1222 613 1273 iu
632 1221 754 1285 gaudium
773 1220 884 1273 lnimiols
903 1220 970 1287 luis;
1005 1222 1073 1275 sicut

235 1305 321 1357 Ilallla
348 1306 460 1358 tradidit
489 1309 643 1361 samsonem
673 1308 838 1362 fortissimum
857 1306 1010 1361 Philistaeis
1040 1306 1073 1359 cd

237 1376 411 1442 illudendum.

304 1476 331 1527 4.
358 1479 545 1541 Argumentum
575 1492 655 1534 verae
684 1478 866 1534 macerationis
895 1491 949 1531 non
980 1478 1070 1540 halet,

235 1563 279 1627 nul
309 1567 410 1617 tanturn
440 1570 578 1630 ventrem,
610 1571 636 1619 ct
663 1579 691 1619 os
718 1578 794 1619 suurn
820 1566 955 1619 coercete
974 1564 1025 1617 cilri
1047 1565 1072 1616 et

235 1652 313 1713 notus
340 1652 493 1713 uoluptate,
524 1656 552 1705 et
581 1654 698 1717 linguam
721 1664 796 1705 suam
825 1664 877 1705 uon
895 1650 1071 1715 compescite

235 1736 322 1789 vertis
340 1736 451 1801 illicitis,
470 1750 518 1791 nec
536 1738 630 1802 risum,
650 1739 777 1800 auditum,
797 1742 911 1803 gustum,
931 1736 1069 1789 odoratum

235 1827 263 1874 et
289 1826 387 1876 tactum
417 1825 550 1877 refraenat
579 1839 595 1877 a
620 1824 854 1887 delectationibus,
886 1834 973 1888 neque
992 1832 1067 1875 coru

235 1908 438 1971 cogitationibus
465 1914 492 1963 et
510 1910 692 1963 artemonibus
714 1908 882 1975 voluptuosis.
914 1910 1011 1962 Pururu
1029 1911 1066 1961 est

235 1995 324 2057 enirn,
352 2007 381 2047 os
400 2000 427 2049 et
444 2000 562 2049 uentrem
589 1996 748 2060 rest-ringere
766 2008 781 2047 a
800 1994 883 2057 clitis,
915 1994 962 2047 uiri
981 2006 1026 2047 cor
1043 1996 1066 2045 et

235 2079 348 2144 quinque
366 2094 458 2134 sensus
476 2081 578 2135 deliciis
596 2083 747 2143 pascuntur.
779 2082 851 2134 Unde
868 2082 898 2133 il.
917 2081 1066 2144 curysasm

235 2177 308 2217 mus:
328 2166 374 2227 Qui
393 2180 408 2219 a
426 2166 491 2219 ciuis
508 2165 648 2229 abstineut,
669 2170 695 2218 et
712 2168 782 2219 male
800 2170 899 2231 agunt,
927 2166 1065 2219 daemonas

235 2249 380 2315 imitantur,
400 2253 494 2317 quinus
510 2264 563 2305 nou
580 2265 649 2316 esca,
669 2254 715 2305 sed
734 2254 850 2318 nequitia
865 2264 973 2317 semper
985 2253 1063 2305 adest.

475 2640 630 2711 CAPUT
652 2642 826 2709 XXXIX.

413 2778 887 2853 llc'con'trltlone.

303 2930 328 2987 1.
349 2935 476 2987 contritio
494 2947 557 2988 vera
573 2943 616 2991 est
634 2938 707 2990 dolor
723 2950 769 3002 nro
787 2938 900 3003 peccatis
919 2939 1063 2993 voluntarie

232 3023 382 3082 assumtus,
411 3032 459 3084 uro
478 3020 624 3083 quantitate
642 3024 813 3087 etqualitate
831 3024 990 3087 criminum,
1011 3036 1064 3078 cum

232 3107 364 3168 proposito
383 3105 522 3160 conitendl
541 3109 568 3157 et
583 3108 772 3173 satisfaciendi,
790 3111 951 3174 proveniens
963 3123 999 3163 ex
1011 3123 1063 3175 gra·

235 3189 273 3239 tla
290 3189 414 3253 gratuita.
443 3192 522 3244 llolor
539 3192 610 3245 enim
627 3195 763 3259 naturalis,
783 3196 826 3250 vel
839 3196 915 3250 dolor
932 3198 992 3251 sine
1010 3209 1063 3262 gru·
