2384 3759
619 357 637 412 6

275 499 301 556 2.
322 501 358 556 dd
372 512 485 554 amorem
498 499 611 564 proximi
629 499 755 551 inducere
766 510 815 551 nos
833 497 912 550 debet
929 502 1053 554 natura:
1110 500 1111 507 ’

206 587 269 652 quia
298 597 374 638 omne
405 583 503 637 animai
534 583 621 646 diligit
647 582 734 635 simite
757 583 824 636 siti:
855 584 894 636 sia
912 588 940 637 et
958 585 1054 637 omnis

206 673 284 726 homo
312 671 458 736 proximum
478 671 545 722 sibi:
577 673 606 721 et
623 669 684 733 quia
701 668 788 732 imago
806 668 854 721 liei
871 671 912 721 est
929 670 958 722 iu
978 669 1052 734 ipso,
1110 692 1111 729 ς

206 762 234 812 at
250 763 418 822 praecepium
438 757 465 808 in
484 755 614 819 scriptura
632 757 680 806 est

275 839 301 896 3.
321 847 483 908 Argumenta
502 854 581 895 verae
600 841 735 894 euantmts
754 841 787 893 ad
800 841 947 906 proximum
967 845 1050 896 suut:

205 929 271 982 vare
289 929 430 982 condolere
449 933 502 982 tarn
521 927 645 990 inimico,
675 940 751 993 quarn
769 927 856 980 amieo
879 928 906 980 in
925 929 1051 992 qualibet
1110 928 1111 965 i

206 1015 379 1068 adversitate:
411 1025 474 1066 vera
501 1015 528 1065 et
557 1024 590 1065 ex
620 1013 697 1066 eorde
723 1014 889 1076 congaudere
916 1014 950 1066 de
972 1013 1050 1067 omni

206 1101 393 1164 prosperitate:
414 1109 480 1162 uuae
498 1099 550 1151 duo
567 1099 703 1152 rarissima
720 1105 782 1151 sunt
799 1100 827 1150 in
844 1099 951 1152 mundo.

279 1183 304 1236 4.
325 1187 484 1248 Argumenta
496 1184 552 1236 vrri
566 1185 620 1238 odii
633 1186 667 1237 ad
684 1186 829 1249 proximum
847 1187 918 1247 sunt,
937 1184 1047 1248 quaudo

206 1269 301 1334 aliquis
331 1281 391 1321 oum
427 1269 556 1333 gravitate
589 1271 685 1324 mentis
715 1271 748 1322 de
777 1271 896 1333 proximo
926 1270 1047 1335 eogitat3

206 1355 311 1421 qnando
338 1368 397 1408 eum
427 1355 536 1408 tristitia
553 1356 650 1410 mentis
668 1369 727 1408 eum
746 1357 833 1419 videt3
861 1356 964 1420 quando
984 1367 1046 1409 eum

206 1439 381 1494 amaritudine
400 1441 480 1494 animi
494 1454 552 1494 cum
571 1443 628 1505 ipso
646 1441 769 1507 loquitur,
788 1441 821 1492 de
840 1442 898 1506 ipso
917 1443 1044 1505 loquitur,

206 1527 250 1579 rei
268 1525 342 1578 audit
359 1527 447 1591 loqoi3
472 1528 577 1592 qnando
595 1528 674 1579 etiarn
693 1539 770 1580 omne
789 1527 886 1581 tonum
904 1527 996 1590 iiiios,
1018 1529 1047 1580 at

207 1610 275 1676 qoud
294 1611 318 1664 ai
336 1612 403 1664 utile
421 1615 478 1676 est,
510 1612 639 1676 impedit,
663 1615 789 1676 quantum
806 1616 906 1676 potest3
937 1613 1046 1676 quando

205 1695 322 1759 murm,
350 1697 417 1762 quod
445 1697 548 1760 inipso
567 1702 617 1760 est,
637 1697 761 1749 diminuit
779 1701 806 1749 et
823 1697 962 1759 pervertit.
999 1697 1044 1750 sio

206 1791 260 1834 uon
279 1781 476 1836 tedititomiuus
488 1783 562 1835 iesus
580 1781 700 1835 traditori
717 1793 766 1834 suo
782 1781 874 1844 tudae,
893 1781 939 1846 oui
956 1782 1044 1845 ipsum
1110 1816 1111 1847 ἶ

207 1870 328 1932 tompore
346 1868 494 1924 traditionis
512 1879 570 1921 uum
590 1868 651 1921 ariis
668 1867 772 1920 diieetis
787 1866 917 1930 apostolis
934 1877 1045 1930 corpora

208 1955 237 2005 et
253 1954 382 2018 sauguine
409 1966 457 2007 suo
483 1955 584 2008 reiecit.
623 1955 655 2008 ut
671 1953 700 2006 iu
717 1955 775 2006 toto
794 1953 958 2016 traditionis,
989 1965 1043 2007 nou
1110 1950 1111 2027 g

206 2049 308 2102 aegeos
326 2039 351 2092 ei
370 2041 498 2101 osculum,
517 2037 705 2101 benignissime
724 2036 808 2100 ipsum
823 2037 962 2090 salutavit:
983 2038 1044 2101 pius
1110 2086 1111 2089 ,

208 2123 301 2178 dolens
328 2123 361 2176 de
379 2125 449 2176 maio
474 2123 565 2184 iilius,
597 2133 674 2186 uuam
693 2122 726 2174 de
745 2123 850 2186 proprio
868 2122 1042 2188 incommode,
1110 2118 1111 2177 ᾗ

207 2212 238 2262 ut
254 2207 318 2262 didit
327 2209 354 2262 i).
367 2209 546 2270 Hieronymus.
575 2207 627 2260 sed
645 2206 765 2260 mirabile
781 2212 831 2269 est,
849 2207 918 2272 quod
928 2219 1042 2272 unquam
1110 2266 1111 2271 γ

207 2295 303 2360 aliquis
329 2293 380 2346 siut
399 2291 431 2344 de
450 2293 564 2346 iruterna
588 2293 717 2346 enaritate
733 2293 888 2357 applaudit,
913 2293 957 2356 uui
977 2295 1043 2348 itaet

207 2379 283 2444 staua
311 2378 364 2432 odii
392 2380 459 2442 gerit
486 2379 514 2432 in
532 2379 617 2432 eorde.
655 2381 745 2432 diuitis
760 2383 849 2432 eutem
866 2379 971 2433 ridetur
987 2380 1041 2432 stri·

206 2465 297 2527 tinere,
316 2465 339 2516 st
358 2463 465 2528 nuptant
483 2465 610 2530 proximis
627 2466 708 2519 vitam
725 2470 878 2528 aeternam,
897 2477 976 2529 qoam
993 2477 1043 2520 nea

208 2551 281 2613 dare,
301 2560 350 2602 nee
369 2550 471 2604 auterre
490 2555 616 2614 possunt,
643 2563 721 2615 quam
739 2551 819 2604 etiarn
838 2550 1044 2614 bene-optarent

206 2635 312 2692 iudaeis
329 2638 357 2688 et
373 2635 491 2700 paganis.
529 2636 580 2688 Nee
596 2647 727 2688 memores
754 2647 813 2688 esse
831 2635 942 2698 volunt,
972 2637 1041 2700 qnod

206 2733 266 2776 aum
278 2721 401 2775 Dominus
419 2721 531 2774 enimam
549 2731 623 2773 suam
641 2721 760 2784 posuerit
776 2733 823 2784 pro
841 2721 956 2774 inimiaia
974 2723 1038 2787 suis,

206 2820 255 2862 uos
272 2819 373 2872 duoque
390 2812 535 2868 teneamur,
554 2817 606 2858 nou
625 2810 726 2858 tautum
743 2807 873 2870 dirigere,
893 2806 941 2858 sed
958 2807 1038 2862 edam

206 2905 249 2948 rae
268 2899 295 2948 at
312 2893 412 2946 animas
439 2895 540 2946 nostras
558 2903 606 2954 pro
623 2891 747 2945 iratribus
766 2891 922 2946 christianis
939 2905 1038 2956 ponera

206 2983 323 3044 tempore
349 2978 520 3034 necessitatis
555 2977 667 3032 Maxime
694 2983 783 3032 autem
800 2977 915 3031 praeisti
937 2978 970 3030 ad
989 2981 1038 3034 uua

207 3068 339 3120 tenentur.

276 3147 302 3202 5.
322 3151 359 3203 Ex
389 3150 490 3203 duobus
519 3150 623 3204 fovetur
652 3150 774 3203 eiarttm.
812 3149 851 3204 dd
880 3151 975 3204 petam:
1005 3163 1040 3206 ex
