2384 3759
632 362 656 414 Χ

225 493 419 588 g'umenta,
442 519 524 584 quae
537 496 690 562 virtulem
709 494 817 560 animo
835 497 904 581 jam
924 492 1058 559 insitam

224 602 456 674 demonstrent.

626 777 754 842 9..

310 897 458 966 Vinutes
473 895 663 969 christianas
679 894 728 960 sie
748 915 808 959 nos
831 890 1056 958 docetAlber·

223 1012 287 1085 tus,
308 1011 346 1068 ut
366 1023 431 1066 non
451 998 652 1066 voluminum
673 994 879 1064 multitudine
893 1005 950 1060 aut
962 1017 1055 1081 mag·

222 1101 370 1168 niludine
391 1102 546 1168 lentorem
567 1109 697 1183 terreat,
721 1097 779 1166 sed
801 1108 950 1186 porrecto
973 1119 1055 1182 quo·

224 1203 299 1272 dam
336 1204 476 1270 manuali
518 1204 660 1273 suaviter
699 1204 823 1286 invitet,
864 1213 898 1269 et
932 1203 1057 1268 fessum

222 1319 353 1376 recreet.
407 1347 410 1354 ·

615 1493 665 1557 10.

309 1607 454 1674 Virtutes
484 1609 674 1676 christianas
706 1611 754 1678 sie
784 1633 845 1676 nos
876 1609 973 1677 docet
993 1611 1056 1677 Al-

221 1712 342 1798 benus,
364 1722 401 1780 ut
414 1713 447 1776 in
460 1711 571 1780 libello
590 1714 654 1780 hoa
675 1712 882 1780 medullam
904 1713 1054 1799 sapien·

220 1816 299 1888 tiae
331 1819 574 1902 christianae,
612 1841 658 1884 ex
689 1817 814 1904 sacris
845 1815 993 1882 litteris
1017 1827 1055 1884 et

221 1921 378 2009 seriptis
401 1925 554 1990 Patrum
586 1939 624 1988 et
656 1944 701 1989 ex
722 1921 861 1986 mentis
884 1942 974 1986 suae
996 1943 1053 1986 sa·

221 2027 343 2092 erario
365 2027 523 2110 haustam,
547 2025 718 2112 collegisse
741 2023 896 2090 videatur.

611 2209 662 2272 11.
777 2157 787 2174 ”

305 2323 378 2391 Nee
410 2325 493 2392 illud
519 2324 752 2410 omittendum,
785 2324 874 2411 quod
894 2324 1053 2393 Albertns

218 2426 251 2490 in
275 2428 389 2512 quovis
412 2431 517 2514 eapite
539 2432 612 2513 tria,
644 2438 792 2516 quatuor,
815 2429 958 2513 quinque
981 2453 1053 2495 mo·

217 2539 325 2596 menta
347 2529 603 2618 disquisitionis,
635 2555 718 2620 quae
749 2531 886 2599 totidem
908 2534 1052 2600 numeris

217 2641 386 2718 notantur,
423 2657 501 2720 prae
538 2637 653 2703 cetenis
689 2638 724 2702 in
759 2637 866 2716 lucem
902 2635 1051 2703 eolloeet,

216 2733 315 2803 Unde
345 2762 410 2804 non
441 2738 546 2806 solum
574 2740 675 2806 saenis
698 2739 898 2822 oratoribus,
937 2737 1053 2806 sedet

215 2838 267 2923 iis,
290 2842 346 2926 qui
360 2852 494 2929 peccata
508 2843 728 2909 confitentium
744 2844 918 2929 excipiunt,
934 2867 1050 2932 aegro-

214 2968 287 3010 rum
323 2946 594 3032 morientiumque
621 2947 715 3014 lectis
737 2948 912 3031 assistunt,
948 2947 1050 3017 rudes

213 3048 385 3134 instruunt,
408 3050 559 3136 parvulos
582 3048 734 3116 erudiunt
754 3060 814 3124 etc,
847 3051 937 3118 velut
957 3052 1052 3120 aliud

214 3151 340 3236 agendo
362 3151 530 3218 materiam
552 3151 683 3220 dicendi
703 3171 884 3244 praeparat
