2384 3759
594 389 650 446 204

204 537 297 592 eim
314 534 535 588 ermom
547 535 632 594 m,
651 544 688 583 se.
705 530 739 582 de
756 529 837 583 eorde
848 529 947 582 curisti
964 529 1041 592 piene
1100 574 1101 596 ,

203 621 265 676 duit
279 622 367 674 eiaaur
384 618 487 684 meae
502 618 538 670 ud
553 618 667 670 salutern
685 617 798 670 animae.
834 615 873 669 Ad
898 615 1042 668 emtionem
1101 660 1102 682 2

204 708 334 762 merum
356 716 465 770 opum
491 703 656 756 coelestium.
692 702 760 754 iiiuc
785 701 884 754 dedum
906 706 950 754 est
966 702 1040 755 Prer.
1102 746 1103 750 ,

204 789 250 856 dl,
266 791 327 857 15„
354 792 424 858 need
450 786 546 844 rnulier
574 790 651 844 tertis
676 793 736 853 pest
760 788 847 842 eibum
865 788 1043 842 considerauit

204 891 298 944 spru·
314 883 344 933 et
359 879 426 932 eruit
440 888 512 940 euur,
538 874 680 928 virtutihus
705 887 743 927 se.
767 879 795 927 et
810 873 887 928 bouis
905 874 1040 938 operiens.

205 989 241 1002 -
258 966 361 1020 Tertius
385 964 496 1016 edeetm
512 961 665 1026 principalis
690 960 742 1014 diei
758 963 844 1023 petest
860 963 889 1014 et
905 960 981 1014 ritae
999 972 1042 1014 ae·

208 1055 302 1106 ternae
319 1051 435 1106 wilatie.
470 1044 602 1110 setabi,
616 1043 655 1096 fa:
674 1047 702 1100 Si
720 1048 778 1112 uuis
795 1050 846 1100 ete.

476 1305 635 1377 CAPUT
656 1309 768 1376 XXV.

204 1445 253 1502 lie
266 1443 432 1501 effectibus
450 1447 599 1518 eorporis
612 1445 731 1502 christi
749 1447 864 1502 sumtis
883 1461 925 1502 ex
938 1446 1041 1502 tribus

205 1531 382 1604 uocabulis,
408 1532 525 1603 quibus
543 1533 674 1588 dicituro
696 1549 792 1588 verus
811 1533 912 1604 panis,
933 1549 1041 1588 saero-

246 1620 389 1676 meutuur
407 1617 520 1674 aitaris
539 1619 570 1675 et
587 1619 731 1675 caritatis
749 1620 999 1675 sacramentum.

273 1745 387 1798 Eleates
403 1743 528 1797 donio‘rei
544 1742 662 1804 corperis
684 1744 794 1806 possunt
816 1741 886 1794 suuni
903 1753 938 1794 ex
956 1743 1042 1796 tribus

206 1830 366 1893 nominibus,
385 1841 453 1895 errae
464 1829 552 1882 soient
561 1828 650 1880 eidem
663 1827 768 1881 ascribi.
798 1829 954 1882 dominatur
971 1831 1042 1884 euim

205 1915 362 1982 mundoque
379 1927 458 1970 uerus
468 1914 553 1979 panis,
565 1915 721 1980 quandoque
732 1918 923 1970 saeranrentuur
936 1917 1039 1980 nitaris,

206 2004 363 2069 quandoque
380 2007 573 2057 sacramentum
590 2001 716 2054 carnos.

275 2090 373 2155 Priore,
403 2099 497 2151 eorpus
525 2086 627 2141 demini
650 2087 799 2141 nominatur
825 2089 917 2153 punio
956 2101 1042 2143 aerae

207 2175 307 2237 (dean.
318 2172 346 2239 6,
357 2171 418 2237 33.)
428 2173 607 2228 etseeundum
616 2175 665 2226 nee
675 2173 753 2228 oster
762 2180 815 2228 tres
829 2175 947 2228 edemus.
967 2176 1042 2228 sient

206 2260 277 2314 entur
307 2259 383 2325 partis
409 2262 461 2314 tria
486 2259 555 2314 irena
571 2262 714 2324 praecipue
736 2262 839 2314 eeniert
855 2260 958 2325 corpori
976 2263 995 2314 i.
1017 2275 1040 2315 e.

205 2348 294 2410 satiat,
314 2348 453 2410 penserunt,
472 2347 554 2402 uitare
571 2349 723 2400 conservet:
742 2349 781 2400 sie
799 2348 874 2411 penis
892 2348 943 2402 iste
961 2349 1043 2401 satiat

205 2434 327 2496 spiritum
344 2434 378 2486 ad
395 2433 530 2487 festidium
546 2434 637 2487 mundi
656 2434 815 2498 iaciendum,
833 2435 967 2488 eoniortat
985 2436 1042 2488 aui·

205 2528 278 2570 uturn
295 2519 328 2572 ad
345 2519 444 2572 maium
462 2521 557 2583 euipae
583 2521 783 2582 devincendum,
801 2525 939 2576 senserunt
956 2523 1041 2576 vitare

206 2603 241 2658 ed
253 2604 335 2658 lteunr
352 2618 456 2670 semper
473 2607 643 2660 laudandum.
656 2633 690 2644 -
703 2608 739 2660 De
757 2607 888 2671 primnis.
902 2602 963 2670 132,
980 2605 1038 2660 ld:

206 2702 336 2756 pauperes
353 2691 410 2756 eius
427 2694 551 2746 saturabo
568 2693 693 2758 panibus3
724 2693 741 2746 i,
761 2705 784 2746 e.
808 2691 910 2748 satiasti
933 2693 1040 2748 demine

206 2777 335 2831 iamiiiem
361 2781 432 2832 tuaur
459 2781 612 2834 muneribus
629 2780 712 2834 sueris
741 2784 768 2833 et
786 2782 835 2834 ires
852 2779 886 2832 ad
904 2779 1040 2834 iestidiunr

205 2863 296 2918 mundi
313 2863 470 2917 iaciendum.
505 2866 581 2918 Pron.
595 2863 640 2930 di,
656 2862 696 2919 ir
724 2868 817 2920 Anima
834 2870 952 2920 sutureta
979 2879 1040 2920 een·

206 2949 321 3002 euieabit
346 2951 444 3004 iarum.
474 2950 565 3014 drea:
593 2956 698 3014 gustato
725 2953 818 3018 spiritu
840 2951 937 3017 desipit
954 2953 1040 3008 omnis

205 3043 275 3086 earo.
295 3059 329 3070 -
346 3037 383 3088 lie
399 3035 514 3088 seeundo
531 3035 572 3088 Ps.
586 3033 647 3100 103,
664 3035 720 3090 lo:
750 3040 828 3103 panis
853 3051 898 3093 eer
924 3039 1040 3094 heminis

205 3118 349 3183 eondruret,
367 3120 401 3173 ad
413 3122 511 3173 maium
523 3134 561 3174 se.
576 3125 669 3186 erupee
681 3125 882 3189 devincendum,
904 3127 975 3190 puia,
996 3127 1040 3192 uui

205 3209 297 3257 tarent
321 3208 533 3261 ennehoratione
560 3209 636 3272 iuius
654 3211 742 3276 panis,
762 3213 904 3268 uincuntur
921 3225 939 3268 e
956 3214 1036 3270 vitiis
