2384 3759
518 380 552 435 89

109 522 174 575 ludi
193 522 268 575 enim
289 522 422 574 bominem
439 525 595 585 expertum,
626 534 693 587 quae
711 522 838 587 loqultur:
866 524 958 579 Bonus

109 619 146 670 cs,
167 607 267 672 inquit,
287 608 403 670 bomine,
424 606 589 669 sperantibus
603 608 629 659 in
647 611 681 670 te,
702 608 805 663 animae
817 612 956 675 quaerenti

110 699 143 745 te.
164 694 284 753 (ibren.
299 688 326 755 3,
340 688 399 753 25.)
425 690 463 745 bb
481 692 530 744 boc
547 692 615 745 bono
633 693 655 745 si
675 695 732 759 uuis
745 700 865 749 evenere
877 710 956 751 sanc·

110 782 162 829 tam
180 777 259 829 illam
279 777 393 829 animam
412 781 563 841 conmelnr,
587 782 669 843 puto,
695 780 766 833 band
784 792 859 835 secus
878 794 957 835 accc·

110 864 208 927 pisset‚
237 874 317 927 uuam
335 861 359 913 si
376 874 406 914 se
424 861 457 915 de
474 863 617 927 paradiso,
646 868 673 916 et
700 864 733 917 ab
760 867 816 927 lpso
841 864 953 919 introitu

109 948 213 1011 gloriae
240 947 407 1010 conspiceret
431 946 573 1000 deturbari.
610 950 676 1002 liudi
705 949 789 1003 adbuc
815 955 844 1004 et
869 952 956 1007 allum

110 1034 226 1087 similem
245 1033 324 1087 nuic:
345 1031 400 1085 libi
418 1031 487 1085 dixit
503 1046 547 1087 cor
564 1046 668 1099 meum,
690 1037 740 1099 alt,
763 1038 908 1103 exquisivit
925 1042 958 1091 te

109 1120 192 1172 iacies
211 1130 283 1194 mea,
303 1118 397 1171 lactem
415 1121 496 1182 tuam
516 1120 635 1183 bomine,
653 1122 797 1185 requiram.
828 1124 887 1183 (Pa.
906 1120 955 1188 26,

108 1202 146 1266 8.)
184 1204 263 1257 Unde
281 1203 400 1257 dicebat:
423 1203 486 1256 lllbi
509 1210 597 1258 autem
622 1206 765 1261 adbaererc
783 1208 835 1261 lieo
853 1208 954 1263 bonum

109 1296 156 1344 est.
191 1291 255 1352 (Pe.
280 1288 323 1354 lu,
341 1286 399 1350 28.)
435 1290 467 1343 llt
483 1290 545 1343 item
563 1292 674 1356 loquens
693 1293 725 1345 ad
744 1295 856 1347 aulmarn
874 1306 954 1349 snam

108 1380 189 1431 dicit:
219 1378 381 1430 convertere
399 1378 487 1429 anima
505 1389 563 1429 mea
582 1377 611 1429 in
628 1380 745 1441 requiem
770 1384 859 1443 tuum,
888 1384 955 1447 qula

108 1465 238 1517 nonninus
257 1461 388 1515 benefecit
405 1462 461 1515 tlbi.
485 1462 543 1523 (Pe.
556 1459 616 1525 114,
635 1459 675 1522 l.)
699 1464 759 1518 bico
777 1478 839 1531 ergo
858 1468 952 1521 vobis:

108 1550 181 1603 ilibil
201 1551 254 1609 est,
274 1546 344 1611 quod
361 1547 389 1599 in
406 1551 508 1599 tantum
524 1547 660 1611 tormidet,
682 1548 797 1614 quisquis
821 1553 869 1605 boc
905 1553 955 1605 be·

108 1636 234 1689 netlcinnr
259 1634 343 1685 semel
366 1634 480 1697 accepit,
505 1646 582 1698 quarn
606 1646 640 1687 ne
663 1646 677 1687 a
702 1636 785 1699 gratia
810 1638 956 1691 derellctus

108 1732 223 1775 necesse
242 1719 347 1782 babeat,
367 1718 454 1775 denuo
473 1720 563 1782 egredi
587 1720 621 1773 ad
644 1721 730 1775 carnis
748 1724 954 1785 consolationes,

109 1810 162 1863 imo
181 1805 381 1867 denotationes,
409 1816 565 1869 rursumque
586 1807 732 1859 carnalium
751 1820 874 1861 sensuurn
893 1820 954 1861 sus-

110 1896 197 1947 tinere
216 1892 355 1945 tumultus·
393 1891 423 1942 ln
441 1892 491 1943 bac
509 1893 730 1955 contemplatione
748 1891 799 1945 tuit
817 1893 844 1943 b.
864 1896 953 1957 lugu·

108 1981 207 2044 uinus,
227 1988 288 2029 cum
300 1975 379 2028 dixit:
398 1975 461 2029 llibi
473 1980 560 2029 antean
573 1977 738 2042 displicebat,
759 1976 825 2043 pund
840 1979 953 2041 agebant

109 2067 137 2118 iu
155 2063 276 2129 sacculo,
296 2066 323 2115 et
339 2061 413 2115 oneri
432 2051 487 2115 erat
505 2064 570 2115 mibi
588 2064 680 2129 valde;
704 2076 757 2117 nou
776 2064 830 2129 larn
849 2064 954 2117 inllam·

109 2150 247 2204 mantibus
265 2148 469 2213 cupiditatibus,
498 2153 528 2201 ut
553 2149 692 2213 solebant,
719 2162 766 2213 spe
793 2151 901 2203 bononis
924 2156 954 2205 et

109 2236 253 2299 pecuniae.
291 2235 348 2286 lana
375 2234 445 2286 eninr
467 2246 509 2286 me
533 2234 582 2286 illa
600 2246 652 2286 non
671 2234 855 2297 delectabant,
886 2249 952 2301 prae

109 2319 256 2375 dulcedine
274 2321 328 2385 tua,
347 2322 375 2371 et
391 2320 485 2373 decore
503 2320 596 2372 domus
615 2323 686 2383 tuae,
706 2333 783 2385 quarn
803 2322 894 2375 dilexi.

180 2405 209 2459 4.
230 2410 414 2469 Argumentum
432 2418 511 2460 uerae
523 2406 752 2469 contemplationis
764 2408 854 2471 habet,
871 2421 950 2473 quem

110 2495 137 2546 in
155 2493 269 2545 miseria
286 2493 362 2557 butus
380 2494 471 2545 mnndi
493 2496 582 2546 vivere
606 2494 708 2555 taedet,
734 2505 793 2546 cum
815 2495 843 2547 B.
869 2496 951 2551 lobia

110 2580 221 2633 dicens:
239 2579 351 2643 Expedit
367 2579 432 2632 nulbi
447 2580 516 2633 inuri
532 2578 627 2643 magis,
648 2590 725 2643 quam
744 2580 842 2634 vivere.
870 2584 951 2644 (rob.

109 2664 135 2729 3,
155 2664 200 2726 6.)
235 2666 269 2717 Et
286 2675 345 2716 cum
362 2665 422 2719 Job:
442 2666 539 2719 loedet
556 2665 669 2717 animam
683 2676 768 2717 rneam
782 2668 852 2721 vitae
865 2682 949 2723 meac.

111 2753 178 2811 (lob
205 2747 255 2814 lb,
280 2748 320 2812 1.)
354 2752 386 2805 llt
411 2764 470 2805 curn
488 2752 515 2805 Β.
535 2748 631 2804 Panlo:
660 2751 756 2805 lnlellr
781 2764 832 2818 ego
861 2756 950 2817 bomo,

110 2838 168 2900 uuis
186 2835 372 2889 melibercblt
388 2838 421 2889 de
438 2834 547 2901 corpore
568 2832 661 2889 mortis
684 2837 778 2901 bulust
805 2840 895 2901 (doru.
923 2839 950 2903 l,

110 2919 171 2984 ta)
209 2922 242 2974 lit
258 2921 303 2987 qul
320 2922 353 2974 ad
370 2924 469 2977 iontem
487 2923 558 2977 vilae
580 2922 651 2985 sitit,
684 2921 774 2977 diceus
796 2936 855 2977 cum
877 2926 953 2977 Psal-

110 3008 204 3063 mlsta:
218 3008 444 3071 'Quemadmodum
463 3009 596 3062 desiderat
613 3021 706 3063 cervus
719 3010 753 3061 ad
765 3009 851 3061 tontes
869 3021 951 3073 aqua·

111 3105 180 3159 rum,
201 3095 240 3148 ltu
258 3094 389 3148 desiderat
407 3096 495 3147 anima
506 3108 566 3149 mea
578 3096 611 3147 ad
625 3100 661 3157 te,
680 3096 758 3147 licus.
779 3096 836 3153 (Po.
851 3091 894 3155 41,
909 3093 952 3153 2.)

112 3176 189 3233 bnde
208 3181 237 3232 li.
259 3179 409 3245 Gregorius:
438 3180 495 3233 llitu
512 3182 717 3243 contemplativa
736 3181 795 3235 est,
815 3176 953 3227 caritatem
