2384 3759
619 325 672 385 196

228 471 410 528 absconditam
428 469 560 534 ertlnrnlt
575 469 637 522 iras.
656 469 751 531 (Pron
766 465 811 534 21,
824 465 884 532 14.)
911 471 973 525 Lev.
984 468 1012 535 2,
1023 469 1061 526 i.:

228 559 270 614 sl·
283 559 317 612 cie
333 557 460 611 craticula
476 555 558 610 inerit
575 554 690 619 oblatio,
719 556 808 609 simila
829 557 889 610 oleo
908 569 1062 624 consperge·

228 648 291 698 tor.
306 680 334 697 ..
361 643 406 708 nni
433 654 493 696 enm
519 641 647 694 obtulerit
663 654 736 705 eam,
766 643 843 697 tollet
860 646 1015 698 memoriale
1032 647 1063 700 (le

230 731 289 797 ipso
297 728 453 784 etaooletols
462 728 626 792 aonemltare
639 727 667 779 in
681 727 788 782 odorem
797 730 1060 784 suavitattstlomino.

228 817 306 873 Panis
328 815 358 868 tn
383 814 512 868 cuticula
537 816 627 866 coctos
644 816 673 866 et
688 812 793 868 oblatos
819 817 847 869 et
864 828 988 882 aspersus
1006 819 1063 871 oleo

228 903 348 958 cariatum
372 901 401 954 ln
426 911 504 954 cruce
530 911 577 964 nro
604 898 680 952 nonis
707 911 800 964 passas
827 905 855 954 et
881 905 952 956 totus
970 907 1063 957 unctus

227 991 323 1056 spiritu
337 991 438 1042 macto.
475 985 558 1050 Holus
582 985 704 1039 sacriticll
734 989 886 1042 memoriale
903 992 947 1043 est
965 989 1062 1054 Hostia,

229 1088 297 1143 qnae
315 1075 424 1128 otientur
441 1075 469 1126 in
487 1071 639 1125 memoriam
658 1071 787 1136 passionis
805 1073 963 1128 dominicae.
996 1075 1063 1130 ilaec

228 1163 309 1217 tleoet
323 1173 403 1224 saner
420 1161 503 1212 attare
520 1158 622 1212 adoleri
639 1159 657 1211 i.
677 1171 701 1210 e.
720 1159 842 1225 accendi,
860 1161 922 1226 quia
940 1161 968 1214 ln
988 1161 1063 1216 corle

228 1249 302 1302 loeti
318 1261 379 1302 enm
396 1247 500 1300 terrore
518 1245 643 1299 desiderii
665 1248 693 1298 et
709 1244 856 1299 devotionis
873 1249 981 1312 suscipi.
1020 1250 1063 1302 llic

228 1335 293 1390 orio
315 1332 455 1387 saevitatis
479 1336 522 1386 est
538 1333 647 1386 nomino
674 1331 692 1384 l.
713 1343 737 1384 e.
757 1335 811 1386 tana
828 1337 919 1397 gntus
938 1334 1009 1399 ileo,
1036 1339 1064 1387 ot

228 1422 263 1474 oo
280 1420 336 1484 elus
353 1419 463 1484 gratiam
479 1419 598 1472 remittat
615 1419 682 1472 iram
700 1429 775 1471 snam
797 1423 823 1472 et
836 1431 884 1472 nos
902 1418 955 1472 silli
974 1432 1062 1475 recon-

228 1506 303 1560 allici
320 1508 348 1558 et
364 1504 399 1557 ao
417 1508 551 1558 aeternam
570 1516 662 1568 pacem
680 1505 815 1568 perducat.
852 1509 945 1560 Arnen.

494 1755 652 1826 CAPUT
679 1758 799 1827 XXII.

361 1898 409 1956 lte
427 1897 565 1968 quatuor
583 1897 742 1954 fructibus
761 1897 923 1954 secundis.

296 2023 417 2076 secunda
434 2025 545 2088 quatuor
561 2022 634 2074 mala
651 2026 742 2076 nostra
763 2022 820 2076 siue
843 2022 988 2085 languores
1004 2027 1062 2076 sont

228 2112 341 2175 noctaor
358 2109 477 2162 delectus
495 2108 605 2172 gratiae,
634 2107 728 2172 onibus
748 2109 847 2161 multae
866 2107 991 2162 laborant
1008 2109 1061 2163 ani·

227 2205 289 2252 llice
305 2207 343 2248 sc.
363 2194 481 2248 delectus
508 2194 536 2245 in
553 2193 704 2257 cognitione
722 2195 778 2259 sui,
798 2194 826 2246 ln
844 2194 987 2250 dilectione
1004 2207 1060 2261 oro·

227 2281 303 2345 riom,
317 2281 345 2334 in
356 2292 452 2344 sanare
462 2279 603 2344 spirituali,
617 2279 644 2332 in
657 2281 881 2335 consummatione
893 2281 965 2336 boni.
998 2285 1059 2336 con·

226 2371 269 2422 tra
295 2370 362 2420 naec
379 2370 452 2421 valet
477 2368 578 2421 tractos
595 2367 696 2421 ventris
713 2367 835 2431 Virginis,
855 2380 951 2433 cornus
970 2372 1059 2424 Salva·

228 2454 303 2506 toris.
323 2479 357 2490 -
374 2454 411 2506 lie
428 2454 512 2518 orioro
529 2454 656 2518 tanguore
682 2455 723 2506 Ps.
745 2451 787 2507 18.
802 2453 845 2508 2:
874 2457 978 2510 Delicta
1005 2458 1060 2522 quis

227 2539 376 2603 intelligam
405 2540 498 2606 quinus
515 2553 552 2593 sc.
572 2543 616 2595 sel
639 2539 706 2594 allos
724 2553 834 2604 nectara
851 2541 913 2604 leci,
934 2543 979 2596 rel
998 2543 1061 2596 alia·

227 2637 285 2682 rom
304 2626 418 2692 pemeus
435 2627 565 2680 consensi.
603 2627 692 2681 matth.
707 2627 732 2692 i,
743 2625 781 2680 3.:
805 2627 870 2691 onio
888 2629 964 2683 vides
982 2630 1062 2683 lestu-

228 2725 287 2769 cam
314 2713 342 2767 in
368 2715 445 2767 oculo
462 2715 553 2767 lcatrls
578 2715 619 2768 toi
640 2718 668 2768 et
685 2714 786 2768 trabem
803 2714 831 2766 in
849 2716 926 2768 oculo
944 2717 991 2768 tno
1008 2727 1063 2769 non

227 2800 318 2855 videat
341 2826 376 2837 -
399 2801 435 2854 lle
461 2800 576 2852 secundo
602 2801 693 2854 llattn
707 2797 733 2865 2,
747 2797 788 2855 a:
817 2801 944 2863 Quoniam
972 2813 1063 2866 soner-

227 2887 374 2941 aonnoarit
398 2885 523 2951 iniqnitas
539 2886 693 2950 reingeseet
710 2887 806 2940 caritas
823 2888 976 2941 multorom.
1015 2889 1063 2940 lie·

229 2973 316 3027 lectos
333 2971 429 3025 amoris
445 2969 571 3033 probator
587 2972 621 3024 alo
640 2972 813 3027 exterioribus
830 2973 924 3038 signis:
944 2975 966 3028 l.
985 2976 1061 3028 ioan.

226 3053 311 3118 o,1i.
339 3057 387 3120 ont
398 3053 518 3108 naioerlt
530 3053 701 3110 suostantiam
719 3059 796 3124 uulua
809 3059 900 3116 mttndl
921 3061 949 3113 et
966 3060 1065 3114 viderit

226 3141 334 3194 mtrem
352 3151 429 3194 suom
446 3139 628 3195 necessitatem
645 3144 790 3208 pauentem
818 3148 845 3198 et
865 3146 993 3200 clauserit
1011 3146 1064 3202 uls·
