2384 3759
610 337 664 394 180

215 487 266 542 sai
292 488 322 540 ut
338 487 428 548 lateat,
455 481 502 536 ille
528 492 571 534 me
596 477 764 534 conculcabit
791 477 809 530 i.
830 489 854 530 e.
874 476 970 530 trahet.
1012 477 1065 540 Qui

218 585 283 638 erae
300 572 360 626 vult
376 560 459 624 latere
476 567 630 630 inpeccatis
647 566 695 618 suh
713 565 795 630 piena
811 562 900 628 specie
918 562 1066 627 religionis

218 662 247 714 et
271 654 514 712 communicationis
543 652 638 706 similis
666 651 779 706 elicitur
806 649 833 702 ei
858 648 946 702 socius
974 649 1066 702 iuriae

215 744 361 800 melioris.
380 769 415 780 -
433 743 470 794 lle
492 739 624 794 secundo:
653 738 690 790 lle
714 737 751 790 sis
778 735 940 790 incredibilis
969 735 1065 788 timori

217 829 322 886 homini
347 830 375 882 ct
400 839 434 880 uc
460 825 603 880 accesseris
630 824 663 876 sol
691 835 752 876 eum
775 821 874 886 duplici
893 820 983 874 corde.
1025 822 1065 874 Ne

217 917 304 975 meris
319 913 455 979 hypocrita
471 913 499 966 iu
510 912 653 974 conspeetu
665 909 807 973 hominum,
826 919 860 962 ue
872 908 943 960 lorte
955 908 1065 961 revelet

215 1005 290 1063 psus
306 1000 460 1057 abscondita
484 1000 532 1052 tua
549 999 577 1049 et
603 996 630 1048 in
648 995 734 1048 medio
752 1005 900 1060 synagogae
919 993 1006 1046 elidat
1025 997 1062 1058 te,

221 1087 345 1155 quoniam
361 1081 494 1139 recessisti
510 1080 628 1146 maligue
653 1081 688 1136 all
710 1081 847 1134 hominum
866 1083 893 1133 et
920 1092 967 1133 eor
983 1085 1063 1134 tuum

219 1177 264 1228 est
279 1174 387 1238 plenum
415 1170 477 1222 ‹lolo
500 1173 528 1222 et
544 1168 652 1221 tmlacia
677 1165 762 1232 (licei.
777 1163 802 1234 1,
814 1163 875 1229 36.)
893 1193 927 1204 -
946 1169 984 1219 lle
1009 1159 1063 1219 ter·

219 1260 272 1312 tio:
291 1258 344 1310 tiae
364 1255 439 1311 vohis
458 1254 617 1319 hypocritae,
646 1252 692 1319 oui
712 1252 812 1306 similes
832 1253 896 1306 estis
912 1253 1064 1318 sepulchris

220 1341 358 1405 dealbatis,
377 1352 445 1406 puae
463 1341 527 1394 ioris
539 1342 667 1404 apparent
679 1339 827 1392 hominihus
839 1341 969 1404 speciosa,
988 1341 1063 1393 intus

221 1431 311 1484 comm
328 1428 409 1492 plena
425 1430 488 1482 sunt
504 1426 606 1480 ossibus
623 1429 785 1480 mortuorum
802 1430 829 1480 et
846 1426 917 1480 omui
934 1426 1065 1490 spurcitia

219 1516 240 1572 i.
258 1525 283 1566 e.
303 1512 444 1577 putredine
470 1515 499 1566 et
524 1523 614 1566 verme
639 1515 666 1564 et
691 1511 800 1567 foetore.
814 1511 926 1578 (liutto
938 1509 983 1576 23,
999 1509 1064 1578 ht.)

221 1598 266 1654 Sic
293 1603 320 1654 et
345 1612 393 1653 vos
423 1600 521 1652 aforis
539 1599 646 1663 quidem
665 1598 799 1663 apparetis
820 1597 970 1652 hominihus
984 1599 1062 1663 iusti,

221 1688 295 1745 intus
312 1691 401 1740 autem
419 1685 491 1750 pleni
509 1685 573 1738 estis
590 1683 721 1748 hypocrisi
746 1687 773 1736 et
790 1683 937 1748 iniquitate.
976 1685 1065 1750 llypo·

223 1773 286 1828 crisi
303 1774 321 1825 i.
339 1785 364 1826 e.
384 1784 473 1828 amore
489 1782 574 1824 vanae
592 1769 696 1834 laudis;
722 1770 859 1836 iniquitate
878 1771 895 1822 i.
914 1782 938 1824 e·
961 1771 1064 1836 cupill-

222 1863 277 1914 tate
295 1860 479 1923 temporalium
498 1861 527 1910 et
542 1856 602 1910 odio
614 1857 734 1910 veritatis
752 1859 779 1908 et
796 1856 856 1909 ideo
868 1857 1062 1921 proemittitur:

222 1958 272 2002 yae
290 1947 365 2000 vohis
382 1946 401 1998 i.
422 1957 448 1998 e.
465 1950 540 1998 etha
566 1944 695 1996 honorum
722 1943 880 1998 consortium
903 1944 1063 1998 mmeramhs

221 2033 357 2098 projectio.

222 2172 225 2182 ,
294 2119 346 2174 seu
363 2129 425 2171 ecce
451 2119 541 2170 contra
559 2125 657 2180 magua
673 2116 744 2169 mala
771 2115 816 2170 dat
838 2115 897 2172 leve
915 2116 1063 2169 remelium

223 2205 315 2265 ultim
331 2203 483 2266 clementia,
502 2202 564 2267 poia
581 2201 727 2266 spiritualis
753 2203 887 2256 conclusio
904 2215 941 2255 sc.
963 2202 1062 2256 honum

221 2290 282 2347 iteri
308 2290 342 2343 ‹ie
367 2291 449 2344 malo
487 2289 596 2342 llecliua
623 2301 639 2341 a
666 2289 737 2342 malo
766 2293 794 2342 et
817 2289 860 2342 iae
877 2289 985 2342 honum.
1002 2289 1060 2352 (Pr.

220 2373 268 2442 33,
280 2374 338 2438 14.)
365 2378 397 2430 lit
413 2389 449 2430 cx
465 2375 597 2442 frequenti
612 2375 679 2433 hene
693 2387 772 2440 agere
784 2375 814 2430 iit
825 2378 901 2428 homo
914 2376 1011 2429 honus.
1035 2377 1065 2429 lit

223 2473 283 2530 cum
294 2461 378 2516 honus
386 2465 579 2528 estsepuentur
587 2475 648 2516 cum
657 2462 708 2516 tria
718 2463 787 2516 hona
796 2475 831 2515 sc.
843 2473 946 2526 poenae
958 2462 1064 2516 debitae

223 2549 361 2613 relaxatio,
390 2548 497 2602 melnae
524 2547 626 2613 prauae
644 2548 783 2610 restitutio,
814 2551 938 2604 aeternae
963 2549 1063 2612 gloriae

224 2633 372 2699 acquisitio,
404 2636 440 2688 lle
457 2635 557 2698 pmmo:
578 2635 607 2689 si
625 2634 717 2688 dixero
733 2635 822 2701 impio,
840 2638 923 2688 morte
942 2635 1064 2688 morieris

224 2725 252 2776 et
269 2721 353 2786 egerit
369 2721 559 2785 poeniteutiam
576 2722 610 2775 cle
636 2723 745 2786 peceato
762 2733 827 2787 suo,
858 2721 913 2775 vita
940 2721 1011 2776 risit
1038 2725 1063 2774 et

224 2807 435 2870 uonmorictur.
455 2809 568 2870 (umet.
582 2804 697 2873 3314.)
726 2833 761 2844 -
787 2809 824 2862 lle
850 2809 983 2862 seeundo:
1016 2809 1062 2872 Qui

224 2894 310 2958 ponus
322 2897 371 2956 est,
383 2893 487 2948 hauriet
495 2893 546 2946 sihi
558 2895 670 2958 gratiam
683 2894 827 2948 aliomlno.
855 2896 951 2957 (Pron
965 2893 1009 2958 12,
1021 2893 1060 2956 2.)

224 3003 260 3042 ,v-
277 2980 314 3032 he
331 2979 425 3030 tertio:
452 2979 523 3040 liuse
549 2989 626 3032 serre
653 2980 720 3034 hone
732 2981 847 3042 (hatto.
861 2978 905 3043 25,
919 2976 981 3042 21.)
1001 2985 1057 3043 etc,

225 3065 287 3129 pala
305 3063 334 3114 iu
351 3074 437 3126 pauca
455 3063 473 3114 i.
487 3073 513 3114 c.
531 3064 559 3116 in
577 3065 665 3130 honis,
684 3063 751 3130 puae
769 3065 819 3120 tihi
837 3065 977 3120 commissa
990 3071 1057 3129 suat,

225 3147 293 3202 hene
310 3149 460 3210 nepotulos
478 3160 515 3212 es
535 3161 615 3214 super
632 3152 715 3212 multa
732 3154 760 3205 te
778 3153 936 3206 constituam
955 3165 993 3206 sc.
1016 3163 1057 3205 ae·
