<?xml version="1.0" encoding="UTF-8"?>
<!DOCTYPE html PUBLIC "-//W3C//DTD XHTML 1.0 Transitional//EN"
    "http://www.w3.org/TR/xhtml1/DTD/xhtml1-transitional.dtd">
<html xmlns="http://www.w3.org/1999/xhtml" xml:lang="en" lang="en">
 <head>
  <title>
</title>
<meta http-equiv="Content-Type" content="text/html;charset=utf-8" />
  <meta name='ocr-system' content='tesseract 3.04.00' />
  <meta name='ocr-capabilities' content='ocr_page ocr_carea ocr_par ocr_line ocrx_word'/>
</head>
<body>
  <div class='ocr_page' id='page_1' title='image "./paradisusanimae00sailgoog_0135.png"; bbox 0 0 2384 3759; ppageno 0'>
   <div class='ocr_carea' id='block_1_1' title="bbox 516 332 567 389">
    <p class='ocr_par' dir='ltr' id='par_1_1' title="bbox 516 332 567 389">
     <span class='ocr_line' id='line_1_1' title="bbox 516 332 567 389; baseline 0 -1"><span class='ocrx_word' id='word_1_1' title='bbox 516 332 567 389; x_wconf 93' lang='lat'>111</span> 
     </span>
    </p>
   </div>
   <div class='ocr_carea' id='block_1_2' title="bbox 116 473 961 2782">
    <p class='ocr_par' dir='ltr' id='par_1_2' title="bbox 116 473 961 2005">
     <span class='ocr_line' id='line_1_2' title="bbox 116 473 958 540; baseline 0.007 -15"><span class='ocrx_word' id='word_1_2' title='bbox 116 478 187 526; x_wconf 88' lang='lat' dir='ltr'>tates</span> <span class='ocrx_word' id='word_1_3' title='bbox 205 474 328 536; x_wconf 88' lang='lat' dir='ltr'>corporis</span> <span class='ocrx_word' id='word_1_4' title='bbox 345 474 444 525; x_wconf 84' lang='lat' dir='ltr'>halent</span> <span class='ocrx_word' id='word_1_5' title='bbox 461 473 609 527; x_wconf 87' lang='lat' dir='ltr'>necessario</span> <span class='ocrx_word' id='word_1_6' title='bbox 621 474 740 538; x_wconf 90' lang='lat' dir='ltr'>singulas</span> <span class='ocrx_word' id='word_1_7' title='bbox 757 476 910 540; x_wconf 71' lang='lat' dir='ltr'>medicinas,</span> <span class='ocrx_word' id='word_1_8' title='bbox 930 480 958 531; x_wconf 89' lang='lat' dir='ltr'>et</span> 
     </span>
     <span class='ocr_line' id='line_1_3' title="bbox 116 557 956 631; baseline 0.005 -20"><span class='ocrx_word' id='word_1_9' title='bbox 116 560 195 611; x_wconf 92' lang='lat' dir='ltr'>nulla</span> <span class='ocrx_word' id='word_1_10' title='bbox 215 562 272 609; x_wconf 86' lang='lat' dir='ltr'>tam</span> <span class='ocrx_word' id='word_1_11' title='bbox 290 557 386 609; x_wconf 77' lang='lat' dir='ltr'>eiilcax</span> <span class='ocrx_word' id='word_1_12' title='bbox 403 562 461 618; x_wconf 88' lang='lat' dir='ltr'>est,</span> <span class='ocrx_word' id='word_1_13' title='bbox 489 560 520 609; x_wconf 88' lang='lat' dir='ltr'>ut</span> <span class='ocrx_word' id='word_1_14' title='bbox 535 562 619 631; x_wconf 31' lang='lat' dir='ltr'>sanet,</span> <span class='ocrx_word' id='word_1_15' title='bbox 638 570 727 612; x_wconf 91' lang='lat' dir='ltr'>omnes</span> <span class='ocrx_word' id='word_1_16' title='bbox 759 562 956 624; x_wconf 77' lang='lat' dir='ltr'>aegritudines:</span> 
     </span>
     <span class='ocr_line' id='line_1_4' title="bbox 117 644 956 710; baseline 0.006 -13"><span class='ocrx_word' id='word_1_17' title='bbox 117 647 156 697; x_wconf 87' lang='lat' dir='ltr'>ita</span> <span class='ocrx_word' id='word_1_18' title='bbox 183 648 213 697; x_wconf 91' lang='lat' dir='ltr'>et</span> <span class='ocrx_word' id='word_1_19' title='bbox 239 644 347 707; x_wconf 85' lang='lat' dir='ltr'>singula</span> <span class='ocrx_word' id='word_1_20' title='bbox 374 646 540 707; x_wconf 83' lang='lat' dir='ltr'>peccatorum</span> <span class='ocrx_word' id='word_1_21' title='bbox 565 656 663 708; x_wconf 90' lang='lat' dir='ltr'>genera</span> <span class='ocrx_word' id='word_1_22' title='bbox 689 647 830 710; x_wconf 72' lang='lat' dir='ltr'>specialem</span> <span class='ocrx_word' id='word_1_23' title='bbox 856 650 956 703; x_wconf 83' lang='lat' dir='ltr'>halent</span> 
     </span>
     <span class='ocr_line' id='line_1_5' title="bbox 116 729 957 796; baseline 0.004 -12"><span class='ocrx_word' id='word_1_24' title='bbox 116 731 323 796; x_wconf 85' lang='lat' dir='ltr'>poenitentiam.</span> <span class='ocrx_word' id='word_1_25' title='bbox 360 730 416 783; x_wconf 87' lang='lat' dir='ltr'>lion</span> <span class='ocrx_word' id='word_1_26' title='bbox 442 730 512 781; x_wconf 89' lang='lat' dir='ltr'>enlm</span> <span class='ocrx_word' id='word_1_27' title='bbox 538 729 637 783; x_wconf 86' lang='lat' dir='ltr'>directe</span> <span class='ocrx_word' id='word_1_28' title='bbox 663 732 818 784; x_wconf 87' lang='lat' dir='ltr'>emendatur</span> <span class='ocrx_word' id='word_1_29' title='bbox 835 734 957 796; x_wconf 80' lang='lat' dir='ltr'>superbla</span> 
     </span>
     <span class='ocr_line' id='line_1_6' title="bbox 118 814 959 885; baseline 0.001 -14"><span class='ocrx_word' id='word_1_30' title='bbox 118 830 166 881; x_wconf 89' lang='lat' dir='ltr'>per</span> <span class='ocrx_word' id='word_1_31' title='bbox 184 818 400 879; x_wconf 73' lang='lat' dir='ltr'>eleemosynam</span> <span class='ocrx_word' id='word_1_32' title='bbox 430 826 523 867; x_wconf 89' lang='lat' dir='ltr'>rancor</span> <span class='ocrx_word' id='word_1_33' title='bbox 547 819 576 868; x_wconf 89' lang='lat' dir='ltr'>et</span> <span class='ocrx_word' id='word_1_34' title='bbox 600 814 702 869; x_wconf 85' lang='lat' dir='ltr'>invidia</span> <span class='ocrx_word' id='word_1_35' title='bbox 727 830 774 881; x_wconf 91' lang='lat' dir='ltr'>per</span> <span class='ocrx_word' id='word_1_36' title='bbox 797 819 959 885; x_wconf 67' lang='lat' dir='ltr'>orationem</span> 
     </span>
     <span class='ocr_line' id='line_1_7' title="bbox 119 900 959 969; baseline 0 -12"><span class='ocrx_word' id='word_1_37' title='bbox 119 904 236 957; x_wconf 85' lang='lat' dir='ltr'>auaritia</span> <span class='ocrx_word' id='word_1_38' title='bbox 254 914 304 967; x_wconf 89' lang='lat' dir='ltr'>per</span> <span class='ocrx_word' id='word_1_39' title='bbox 325 902 468 968; x_wconf 70' lang='lat' dir='ltr'>jejunium</span> <span class='ocrx_word' id='word_1_40' title='bbox 494 900 658 965; x_wconf 87' lang='lat' dir='ltr'>impudicitia</span> <span class='ocrx_word' id='word_1_41' title='bbox 684 914 732 965; x_wconf 90' lang='lat' dir='ltr'>per</span> <span class='ocrx_word' id='word_1_42' title='bbox 758 903 863 967; x_wconf 83' lang='lat' dir='ltr'>vigilias</span> <span class='ocrx_word' id='word_1_43' title='bbox 889 908 959 969; x_wconf 87' lang='lat' dir='ltr'>etc.;</span> 
     </span>
     <span class='ocr_line' id='line_1_8' title="bbox 119 985 960 1053; baseline 0 -10"><span class='ocrx_word' id='word_1_44' title='bbox 119 992 166 1045; x_wconf 89' lang='lat' dir='ltr'>sed</span> <span class='ocrx_word' id='word_1_45' title='bbox 186 991 221 1042; x_wconf 92' lang='lat' dir='ltr'>de</span> <span class='ocrx_word' id='word_1_46' title='bbox 240 988 365 1053; x_wconf 80' lang='lat' dir='ltr'>superbia</span> <span class='ocrx_word' id='word_1_47' title='bbox 390 987 488 1041; x_wconf 87' lang='lat' dir='ltr'>directe</span> <span class='ocrx_word' id='word_1_48' title='bbox 515 985 610 1040; x_wconf 83' lang='lat' dir='ltr'>satisfit</span> <span class='ocrx_word' id='word_1_49' title='bbox 635 998 683 1051; x_wconf 91' lang='lat' dir='ltr'>per</span> <span class='ocrx_word' id='word_1_50' title='bbox 710 988 899 1052; x_wconf 71' lang='lat' dir='ltr'>humilitatemq</span> <span class='ocrx_word' id='word_1_51' title='bbox 927 989 960 1043; x_wconf 89' lang='lat' dir='ltr'>de</span> 
     </span>
     <span class='ocr_line' id='line_1_9' title="bbox 122 1073 961 1139; baseline -0.001 -9"><span class='ocrx_word' id='word_1_52' title='bbox 122 1077 238 1131; x_wconf 73' lang='lat' dir='ltr'>numida</span> <span class='ocrx_word' id='word_1_53' title='bbox 251 1086 299 1137; x_wconf 92' lang='lat' dir='ltr'>per</span> <span class='ocrx_word' id='word_1_54' title='bbox 310 1075 534 1137; x_wconf 82' lang='lat' dir='ltr'>eleemosynarnm</span> <span class='ocrx_word' id='word_1_55' title='bbox 547 1073 730 1137; x_wconf 64' lang='lat' dir='ltr'>largitionem</span> <span class='ocrx_word' id='word_1_56' title='bbox 751 1075 784 1127; x_wconf 91' lang='lat' dir='ltr'>de</span> <span class='ocrx_word' id='word_1_57' title='bbox 797 1075 961 1139; x_wconf 86' lang='lat' dir='ltr'>impudicitia</span> 
     </span>
     <span class='ocr_line' id='line_1_10' title="bbox 121 1160 960 1227; baseline 0 -12"><span class='ocrx_word' id='word_1_58' title='bbox 121 1175 168 1227; x_wconf 92' lang='lat' dir='ltr'>per</span> <span class='ocrx_word' id='word_1_59' title='bbox 195 1163 287 1214; x_wconf 74' lang='lat' dir='ltr'>omnis</span> <span class='ocrx_word' id='word_1_60' title='bbox 316 1160 513 1223; x_wconf 75' lang='lat' dir='ltr'>castigationem</span> <span class='ocrx_word' id='word_1_61' title='bbox 539 1162 568 1211; x_wconf 89' lang='lat' dir='ltr'>in</span> <span class='ocrx_word' id='word_1_62' title='bbox 594 1160 681 1211; x_wconf 87' lang='lat' dir='ltr'>cilinio</span> <span class='ocrx_word' id='word_1_63' title='bbox 700 1165 727 1213; x_wconf 89' lang='lat' dir='ltr'>et</span> <span class='ocrx_word' id='word_1_64' title='bbox 744 1161 899 1227; x_wconf 86' lang='lat' dir='ltr'>disciplina;</span> <span class='ocrx_word' id='word_1_65' title='bbox 927 1162 960 1215; x_wconf 85' lang='lat' dir='ltr'>de</span> 
     </span>
     <span class='ocr_line' id='line_1_11' title="bbox 123 1246 960 1313; baseline 0.001 -12"><span class='ocrx_word' id='word_1_66' title='bbox 123 1250 187 1313; x_wconf 83' lang='lat' dir='ltr'>guia</span> <span class='ocrx_word' id='word_1_67' title='bbox 206 1259 257 1311; x_wconf 90' lang='lat' dir='ltr'>per</span> <span class='ocrx_word' id='word_1_68' title='bbox 272 1246 414 1312; x_wconf 67' lang='lat' dir='ltr'>jejunium</span> <span class='ocrx_word' id='word_1_69' title='bbox 435 1247 468 1299; x_wconf 92' lang='lat' dir='ltr'>de</span> <span class='ocrx_word' id='word_1_70' title='bbox 485 1247 644 1311; x_wconf 83' lang='lat' dir='ltr'>loquacitate</span> <span class='ocrx_word' id='word_1_71' title='bbox 668 1259 714 1309; x_wconf 91' lang='lat' dir='ltr'>per</span> <span class='ocrx_word' id='word_1_72' title='bbox 738 1248 899 1312; x_wconf 65' lang='lat' dir='ltr'>orationem</span> <span class='ocrx_word' id='word_1_73' title='bbox 927 1249 960 1303; x_wconf 89' lang='lat' dir='ltr'>de</span> 
     </span>
     <span class='ocr_line' id='line_1_12' title="bbox 122 1331 960 1401; baseline 0.006 -16"><span class='ocrx_word' id='word_1_74' title='bbox 122 1334 226 1387; x_wconf 85' lang='lat' dir='ltr'>inuidia</span> <span class='ocrx_word' id='word_1_75' title='bbox 255 1345 303 1397; x_wconf 88' lang='lat' dir='ltr'>per</span> <span class='ocrx_word' id='word_1_76' title='bbox 329 1333 483 1385; x_wconf 75' lang='lat' dir='ltr'>comitatem</span> <span class='ocrx_word' id='word_1_77' title='bbox 511 1336 538 1384; x_wconf 91' lang='lat' dir='ltr'>et</span> <span class='ocrx_word' id='word_1_78' title='bbox 563 1331 745 1387; x_wconf 84' lang='lat' dir='ltr'>remissionem</span> <span class='ocrx_word' id='word_1_79' title='bbox 773 1334 899 1401; x_wconf 81' lang='lat' dir='ltr'>iniuriae;</span> <span class='ocrx_word' id='word_1_80' title='bbox 927 1336 960 1391; x_wconf 88' lang='lat' dir='ltr'>da</span> 
     </span>
     <span class='ocr_line' id='line_1_13' title="bbox 120 1417 957 1486; baseline 0.002 -11"><span class='ocrx_word' id='word_1_81' title='bbox 120 1422 217 1486; x_wconf 89' lang='lat' dir='ltr'>rapina</span> <span class='ocrx_word' id='word_1_82' title='bbox 235 1424 264 1473; x_wconf 90' lang='lat' dir='ltr'>et</span> <span class='ocrx_word' id='word_1_83' title='bbox 281 1419 383 1483; x_wconf 78' lang='lat' dir='ltr'>injustis</span> <span class='ocrx_word' id='word_1_84' title='bbox 400 1417 608 1482; x_wconf 77' lang='lat' dir='ltr'>possessionibus</span> <span class='ocrx_word' id='word_1_85' title='bbox 634 1430 681 1482; x_wconf 92' lang='lat' dir='ltr'>per</span> <span class='ocrx_word' id='word_1_86' title='bbox 699 1422 888 1475; x_wconf 88' lang='lat' dir='ltr'>restitutionem</span> <span class='ocrx_word' id='word_1_87' title='bbox 907 1428 957 1477; x_wconf 88' lang='lat' dir='ltr'>etc.</span> 
     </span>
     <span class='ocr_line' id='line_1_14' title="bbox 121 1497 960 1573; baseline 0.002 -12"><span class='ocrx_word' id='word_1_88' title='bbox 121 1507 220 1572; x_wconf 77' lang='lat' dir='ltr'>quodsi</span> <span class='ocrx_word' id='word_1_89' title='bbox 238 1507 307 1571; x_wconf 89' lang='lat' dir='ltr'>quis,</span> <span class='ocrx_word' id='word_1_90' title='bbox 327 1510 357 1559; x_wconf 90' lang='lat' dir='ltr'>ut</span> <span class='ocrx_word' id='word_1_91' title='bbox 373 1506 438 1558; x_wconf 86' lang='lat' dir='ltr'>dicit</span> <span class='ocrx_word' id='word_1_92' title='bbox 453 1506 482 1557; x_wconf 87' lang='lat' dir='ltr'>li.</span> <span class='ocrx_word' id='word_1_93' title='bbox 501 1497 711 1572; x_wconf 78' lang='lat' dir='ltr'>corysostomos,</span> <span class='ocrx_word' id='word_1_94' title='bbox 734 1520 786 1561; x_wconf 90' lang='lat' dir='ltr'>nou</span> <span class='ocrx_word' id='word_1_95' title='bbox 808 1514 893 1573; x_wconf 88' lang='lat' dir='ltr'>potest</span> <span class='ocrx_word' id='word_1_96' title='bbox 912 1520 960 1563; x_wconf 82' lang='lat' dir='ltr'>ex·</span> 
     </span>
     <span class='ocr_line' id='line_1_15' title="bbox 121 1592 960 1658; baseline -0.001 -12"><span class='ocrx_word' id='word_1_97' title='bbox 121 1596 198 1658; x_wconf 90' lang='lat' dir='ltr'>plere</span> <span class='ocrx_word' id='word_1_98' title='bbox 226 1603 331 1645; x_wconf 84' lang='lat' dir='ltr'>omnem</span> <span class='ocrx_word' id='word_1_99' title='bbox 356 1592 536 1645; x_wconf 76' lang='lat' dir='ltr'>satisfaciendi</span> <span class='ocrx_word' id='word_1_100' title='bbox 566 1592 703 1655; x_wconf 86' lang='lat' dir='ltr'>ordinem,</span> <span class='ocrx_word' id='word_1_101' title='bbox 738 1596 800 1647; x_wconf 90' lang='lat' dir='ltr'>tunc</span> <span class='ocrx_word' id='word_1_102' title='bbox 830 1595 960 1658; x_wconf 80' lang='lat' dir='ltr'>benignus</span> 
     </span>
     <span class='ocr_line' id='line_1_16' title="bbox 121 1679 961 1743; baseline -0.002 -10"><span class='ocrx_word' id='word_1_103' title='bbox 121 1680 251 1733; x_wconf 82' lang='lat' dir='ltr'>oomrnns</span> <span class='ocrx_word' id='word_1_104' title='bbox 278 1680 485 1743; x_wconf 80' lang='lat' dir='ltr'>qualemcunque</span> <span class='ocrx_word' id='word_1_105' title='bbox 509 1679 620 1743; x_wconf 78' lang='lat' dir='ltr'>suscipit</span> <span class='ocrx_word' id='word_1_106' title='bbox 638 1680 783 1733; x_wconf 88' lang='lat' dir='ltr'>emendam.</span> <span class='ocrx_word' id='word_1_107' title='bbox 821 1683 891 1734; x_wconf 85' lang='lat' dir='ltr'>‘inno</span> <span class='ocrx_word' id='word_1_108' title='bbox 914 1691 961 1743; x_wconf 87' lang='lat' dir='ltr'>pro</span> 
     </span>
     <span class='ocr_line' id='line_1_17' title="bbox 121 1764 959 1832; baseline -0.002 -13"><span class='ocrx_word' id='word_1_109' title='bbox 121 1766 230 1832; x_wconf 79' lang='lat' dir='ltr'>injustis</span> <span class='ocrx_word' id='word_1_110' title='bbox 248 1764 326 1817; x_wconf 86' lang='lat' dir='ltr'>rebus</span> <span class='ocrx_word' id='word_1_111' title='bbox 345 1767 415 1819; x_wconf 80' lang='lat' dir='ltr'>valet</span> <span class='ocrx_word' id='word_1_112' title='bbox 430 1765 571 1829; x_wconf 84' lang='lat' dir='ltr'>jejunium,</span> <span class='ocrx_word' id='word_1_113' title='bbox 589 1766 618 1819; x_wconf 90' lang='lat' dir='ltr'>si.</span> <span class='ocrx_word' id='word_1_114' title='bbox 631 1778 684 1819; x_wconf 91' lang='lat' dir='ltr'>nou</span> <span class='ocrx_word' id='word_1_115' title='bbox 701 1770 787 1830; x_wconf 85' lang='lat' dir='ltr'>potest</span> <span class='ocrx_word' id='word_1_116' title='bbox 805 1768 959 1821; x_wconf 88' lang='lat' dir='ltr'>restituere:</span> 
     </span>
     <span class='ocr_line' id='line_1_18' title="bbox 121 1853 961 1917; baseline -0.002 -10"><span class='ocrx_word' id='word_1_117' title='bbox 121 1856 145 1907; x_wconf 89' lang='lat' dir='ltr'>si</span> <span class='ocrx_word' id='word_1_118' title='bbox 170 1866 226 1907; x_wconf 91' lang='lat' dir='ltr'>non</span> <span class='ocrx_word' id='word_1_119' title='bbox 246 1857 333 1917; x_wconf 86' lang='lat' dir='ltr'>potest</span> <span class='ocrx_word' id='word_1_120' title='bbox 351 1853 489 1917; x_wconf 78' lang='lat' dir='ltr'>jejunare,</span> <span class='ocrx_word' id='word_1_121' title='bbox 517 1855 590 1907; x_wconf 88' lang='lat' dir='ltr'>valet</span> <span class='ocrx_word' id='word_1_122' title='bbox 619 1854 713 1907; x_wconf 89' lang='lat' dir='ltr'>oratio:</span> <span class='ocrx_word' id='word_1_123' title='bbox 745 1855 767 1906; x_wconf 90' lang='lat' dir='ltr'>si</span> <span class='ocrx_word' id='word_1_124' title='bbox 796 1865 847 1905; x_wconf 92' lang='lat' dir='ltr'>non</span> <span class='ocrx_word' id='word_1_125' title='bbox 874 1858 961 1917; x_wconf 81' lang='lat' dir='ltr'>potest</span> 
     </span>
     <span class='ocr_line' id='line_1_19' title="bbox 123 1938 889 2005; baseline -0.008 -10"><span class='ocrx_word' id='word_1_126' title='bbox 123 1953 201 1995; x_wconf 84' lang='lat' dir='ltr'>orare</span> <span class='ocrx_word' id='word_1_127' title='bbox 219 1950 284 2005; x_wconf 84' lang='lat' dir='ltr'>praa</span> <span class='ocrx_word' id='word_1_128' title='bbox 302 1938 467 2003; x_wconf 74' lang='lat' dir='ltr'>indemitate,</span> <span class='ocrx_word' id='word_1_129' title='bbox 485 1938 584 1991; x_wconf 81' lang='lat' dir='ltr'>suffieit</span> <span class='ocrx_word' id='word_1_130' title='bbox 600 1939 652 1992; x_wconf 85' lang='lat' dir='ltr'>lieo</span> <span class='ocrx_word' id='word_1_131' title='bbox 671 1940 739 1993; x_wconf 86' lang='lat' dir='ltr'>oona</span> <span class='ocrx_word' id='word_1_132' title='bbox 757 1941 889 1993; x_wconf 89' lang='lat' dir='ltr'>voluutas.</span> 
     </span>
    </p>

    <p class='ocr_par' dir='ltr' id='par_1_3' title="bbox 123 2024 961 2612">
     <span class='ocr_line' id='line_1_20' title="bbox 194 2024 961 2097; baseline 0 -19"><span class='ocrx_word' id='word_1_133' title='bbox 194 2024 223 2079; x_wconf 82' lang='lat'>4.</span> <span class='ocrx_word' id='word_1_134' title='bbox 243 2029 429 2089; x_wconf 74' lang='lat' dir='ltr'>Argumentum</span> <span class='ocrx_word' id='word_1_135' title='bbox 446 2026 530 2077; x_wconf 87' lang='lat' dir='ltr'>ialsae</span> <span class='ocrx_word' id='word_1_136' title='bbox 547 2026 725 2088; x_wconf 88' lang='lat' dir='ltr'>poeniteutiae</span> <span class='ocrx_word' id='word_1_137' title='bbox 743 2026 817 2088; x_wconf 89' lang='lat' dir='ltr'>ponii</span> <span class='ocrx_word' id='word_1_138' title='bbox 835 2028 961 2097; x_wconf 81' lang='lat' dir='ltr'>innocen·</span> 
     </span>
     <span class='ocr_line' id='line_1_21' title="bbox 124 2112 959 2178; baseline -0.006 -8"><span class='ocrx_word' id='word_1_139' title='bbox 124 2116 193 2171; x_wconf 88' lang='lat' dir='ltr'>tius:</span> <span class='ocrx_word' id='word_1_140' title='bbox 214 2114 291 2167; x_wconf 77' lang='lat' dir='ltr'>Falsa</span> <span class='ocrx_word' id='word_1_141' title='bbox 308 2115 349 2164; x_wconf 79' lang='lat' dir='ltr'>ast</span> <span class='ocrx_word' id='word_1_142' title='bbox 366 2112 546 2175; x_wconf 87' lang='lat' dir='ltr'>poenitentia,</span> <span class='ocrx_word' id='word_1_143' title='bbox 574 2126 633 2167; x_wconf 84' lang='lat' dir='ltr'>curu</span> <span class='ocrx_word' id='word_1_144' title='bbox 659 2114 797 2178; x_wconf 85' lang='lat' dir='ltr'>poenitens</span> <span class='ocrx_word' id='word_1_145' title='bbox 814 2112 848 2165; x_wconf 79' lang='lat' dir='ltr'>alt</span> <span class='ocrx_word' id='word_1_146' title='bbox 866 2112 959 2175; x_wconf 80' lang='lat' dir='ltr'>officio,</span> 
     </span>
     <span class='ocr_line' id='line_1_22' title="bbox 123 2198 956 2265; baseline -0.008 -9"><span class='ocrx_word' id='word_1_147' title='bbox 123 2204 169 2256; x_wconf 84' lang='lat' dir='ltr'>nel</span> <span class='ocrx_word' id='word_1_148' title='bbox 185 2200 283 2254; x_wconf 89' lang='lat' dir='ltr'>curiali</span> <span class='ocrx_word' id='word_1_149' title='bbox 299 2198 405 2263; x_wconf 84' lang='lat' dir='ltr'>negotio</span> <span class='ocrx_word' id='word_1_150' title='bbox 431 2210 484 2251; x_wconf 91' lang='lat' dir='ltr'>non</span> <span class='ocrx_word' id='word_1_151' title='bbox 509 2199 627 2263; x_wconf 87' lang='lat' dir='ltr'>recedit,</span> <span class='ocrx_word' id='word_1_152' title='bbox 657 2198 726 2265; x_wconf 92' lang='lat' dir='ltr'>quod</span> <span class='ocrx_word' id='word_1_153' title='bbox 755 2200 813 2251; x_wconf 87' lang='lat' dir='ltr'>sine</span> <span class='ocrx_word' id='word_1_154' title='bbox 840 2198 956 2261; x_wconf 83' lang='lat' dir='ltr'>peccatis</span> 
     </span>
     <span class='ocr_line' id='line_1_23' title="bbox 124 2285 961 2353; baseline -0.005 -12"><span class='ocrx_word' id='word_1_155' title='bbox 124 2290 169 2353; x_wconf 86' lang='lat' dir='ltr'>agi</span> <span class='ocrx_word' id='word_1_156' title='bbox 186 2287 342 2341; x_wconf 86' lang='lat' dir='ltr'>nuliatenus</span> <span class='ocrx_word' id='word_1_157' title='bbox 358 2286 507 2349; x_wconf 86' lang='lat' dir='ltr'>praevalet:</span> <span class='ocrx_word' id='word_1_158' title='bbox 531 2287 621 2339; x_wconf 83' lang='lat' dir='ltr'>anisi</span> <span class='ocrx_word' id='word_1_159' title='bbox 643 2286 731 2339; x_wconf 89' lang='lat' dir='ltr'>odium</span> <span class='ocrx_word' id='word_1_160' title='bbox 756 2285 784 2335; x_wconf 89' lang='lat' dir='ltr'>ln</span> <span class='ocrx_word' id='word_1_161' title='bbox 806 2287 885 2339; x_wconf 88' lang='lat' dir='ltr'>corde</span> <span class='ocrx_word' id='word_1_162' title='bbox 903 2298 961 2351; x_wconf 89' lang='lat' dir='ltr'>ges·</span> 
     </span>
     <span class='ocr_line' id='line_1_24' title="bbox 124 2371 960 2427; baseline -0.004 -1"><span class='ocrx_word' id='word_1_163' title='bbox 124 2374 202 2427; x_wconf 88' lang='lat' dir='ltr'>serit:</span> <span class='ocrx_word' id='word_1_164' title='bbox 232 2374 280 2425; x_wconf 86' lang='lat' dir='ltr'>aut</span> <span class='ocrx_word' id='word_1_165' title='bbox 305 2372 329 2423; x_wconf 88' lang='lat' dir='ltr'>si</span> <span class='ocrx_word' id='word_1_166' title='bbox 355 2371 456 2423; x_wconf 85' lang='lat' dir='ltr'>otlenso</span> <span class='ocrx_word' id='word_1_167' title='bbox 481 2371 590 2424; x_wconf 81' lang='lat' dir='ltr'>cuilibet</span> <span class='ocrx_word' id='word_1_168' title='bbox 616 2382 668 2424; x_wconf 90' lang='lat' dir='ltr'>non</span> <span class='ocrx_word' id='word_1_169' title='bbox 686 2371 844 2425; x_wconf 74' lang='lat' dir='ltr'>satisfaciat:</span> <span class='ocrx_word' id='word_1_170' title='bbox 874 2378 920 2425; x_wconf 86' lang='lat' dir='ltr'>auc</span> <span class='ocrx_word' id='word_1_171' title='bbox 937 2372 960 2423; x_wconf 90' lang='lat' dir='ltr'>si</span> 
     </span>
     <span class='ocr_line' id='line_1_25' title="bbox 125 2457 961 2529; baseline -0.002 -16"><span class='ocrx_word' id='word_1_172' title='bbox 125 2459 271 2515; x_wconf 86' lang='lat' dir='ltr'>oiiendentl</span> <span class='ocrx_word' id='word_1_173' title='bbox 289 2458 405 2529; x_wconf 74' lang='lat' dir='ltr'>odeosus</span> <span class='ocrx_word' id='word_1_174' title='bbox 422 2470 473 2511; x_wconf 93' lang='lat' dir='ltr'>non</span> <span class='ocrx_word' id='word_1_175' title='bbox 500 2458 654 2521; x_wconf 84' lang='lat' dir='ltr'>indulgeat:</span> <span class='ocrx_word' id='word_1_176' title='bbox 683 2462 730 2511; x_wconf 83' lang='lat' dir='ltr'>aut</span> <span class='ocrx_word' id='word_1_177' title='bbox 755 2457 778 2509; x_wconf 90' lang='lat' dir='ltr'>sl</span> <span class='ocrx_word' id='word_1_178' title='bbox 805 2470 876 2511; x_wconf 86' lang='lat' dir='ltr'>arma</span> <span class='ocrx_word' id='word_1_179' title='bbox 904 2460 961 2522; x_wconf 89' lang='lat' dir='ltr'>quis</span> 
     </span>
     <span class='ocr_line' id='line_1_26' title="bbox 125 2546 528 2612; baseline -0.007 -10"><span class='ocrx_word' id='word_1_180' title='bbox 125 2553 217 2602; x_wconf 87' lang='lat' dir='ltr'>contra</span> <span class='ocrx_word' id='word_1_181' title='bbox 231 2546 364 2612; x_wconf 84' lang='lat' dir='ltr'>justitiam</span> <span class='ocrx_word' id='word_1_182' title='bbox 381 2550 464 2610; x_wconf 84' lang='lat' dir='ltr'>gerat</span> <span class='ocrx_word' id='word_1_183' title='bbox 525 2601 528 2605; x_wconf 80' lang='grc'>,</span> 
     </span>
    </p>

    <p class='ocr_par' dir='ltr' id='par_1_4' title="bbox 125 2630 961 2782">
     <span class='ocr_line' id='line_1_27' title="bbox 192 2630 961 2697; baseline -0.004 -9"><span class='ocrx_word' id='word_1_184' title='bbox 192 2638 262 2689; x_wconf 90' lang='lat' dir='ltr'>item</span> <span class='ocrx_word' id='word_1_185' title='bbox 280 2634 351 2686; x_wconf 84' lang='lat' dir='ltr'>laisa</span> <span class='ocrx_word' id='word_1_186' title='bbox 368 2635 408 2685; x_wconf 88' lang='lat' dir='ltr'>esi</span> <span class='ocrx_word' id='word_1_187' title='bbox 425 2631 595 2697; x_wconf 86' lang='lat' dir='ltr'>poenitentia,</span> <span class='ocrx_word' id='word_1_188' title='bbox 615 2630 720 2695; x_wconf 89' lang='lat' dir='ltr'>quando</span> <span class='ocrx_word' id='word_1_189' title='bbox 732 2642 813 2685; x_wconf 89' lang='lat' dir='ltr'>uuum</span> <span class='ocrx_word' id='word_1_190' title='bbox 826 2635 961 2695; x_wconf 90' lang='lat' dir='ltr'>peccatum</span> 
     </span>
     <span class='ocr_line' id='line_1_28' title="bbox 125 2718 664 2782; baseline -0.009 -7"><span class='ocrx_word' id='word_1_191' title='bbox 125 2722 292 2782; x_wconf 82' lang='lat' dir='ltr'>emendatur,</span> <span class='ocrx_word' id='word_1_192' title='bbox 312 2722 341 2773; x_wconf 88' lang='lat' dir='ltr'>et</span> <span class='ocrx_word' id='word_1_193' title='bbox 358 2718 391 2772; x_wconf 89' lang='lat' dir='ltr'>de</span> <span class='ocrx_word' id='word_1_194' title='bbox 408 2720 462 2772; x_wconf 87' lang='lat' dir='ltr'>aiio</span> <span class='ocrx_word' id='word_1_195' title='bbox 480 2730 532 2772; x_wconf 91' lang='lat' dir='ltr'>non</span> <span class='ocrx_word' id='word_1_196' title='bbox 550 2721 664 2771; x_wconf 88' lang='lat' dir='ltr'>curatur.</span> 
     </span>
    </p>
   </div>
   <div class='ocr_carea' id='block_1_3' title="bbox 468 2989 625 3003">
    <p class='ocr_par' dir='ltr' id='par_1_5' title="bbox 468 2989 625 3003">
     <span class='ocr_line' id='line_1_29' title="bbox 468 2989 625 3003; baseline 0 0"><span class='ocrx_word' id='word_1_197' title='bbox 468 2989 625 3003; x_wconf 57' lang='lat'>”-</span> 
     </span>
    </p>
   </div>
   <div class='ocr_carea' id='block_1_4' title="bbox 0 0 1206 3759">
    <p class='ocr_par' dir='ltr' id='par_1_6' title="bbox 0 0 1206 3759">
     <span class='ocr_line' id='line_1_30' title="bbox 0 0 1206 3759; baseline 0 0"><span class='ocrx_word' id='word_1_198' title='bbox 0 0 1206 3759; x_wconf 95' lang='lat' dir='ltr'> </span> 
     </span>
    </p>
   </div>
  </div>
 </body>
</html>
