2384 3759
611 373 662 458 rao

222 527 317 580 corpus
325 513 428 570 ltomlni
438 515 544 577 paratos
558 522 666 575 semper
679 523 737 566 esse
750 515 853 578 oportet
866 515 893 566 et
911 514 1065 568 continuem

223 606 251 656 et
268 602 454 666 sempiternam
475 609 579 661 semper
602 596 699 652 debent
720 599 870 652 castlterem
889 603 1064 654 conservaret

292 681 681 750 secundum‘lpraeparativunr
699 689 740 739 est
758 685 940 749 exemplorum
959 687 1065 740 latrum

224 773 343 828 custodia
361 784 409 836 per
426 770 608 825 calceamento
624 769 722 833 pedum
739 769 859 836 figurato.
892 771 987 838 drop:
1008 774 1064 826 cal-

224 861 361 921 ceamenta
387 859 424 914 lu,
441 855 554 922 pedidus
579 854 680 908 nabere
709 859 759 909 est·
778 860 941 910 mortuorum
959 859 1065 912 Patron

224 947 307 1000 uitam
324 945 442 1010 aspicere
459 947 488 997 et
505 943 595 995 nostra
612 941 725 1006 vestigia
743 944 873 1007 apeccrti
890 945 1004 997 noluere
1022 957 1064 998 cu·

223 1032 338 1088 stodire:
357 1033 439 1095 duam
450 1029 554 1098 pulclrri
565 1030 627 1080 snnt
644 1038 750 1091 gressus
762 1030 801 1082 tui
819 1029 847 1082 in
865 1031 1062 1095 calceamentis,

225 1129 242 1170 o
259 1117 314 1170 illia
330 1117 456 1182 principis
469 1116 566 1176 (cont.
582 1107 683 1177 i,1.)i
720 1114 828 1168 dressus
851 1119 914 1168 sunt
930 1117 1064 1180 proiectus

224 1215 333 1268 operum
356 1203 385 1256 in
402 1198 595 1268 [calceamentis
622 1195 640 1246 1'·
663 1210 686 1251 e.
708 1200 965 1256 inconsideratione
994 1203 1064 1257 vitae

226 1291 340 1344 Padum.
557 1294 560 1298 '

293 1374 407 1428 rentium
416 1379 630 1442 praeparatorum
649 1382 690 1432 est
702 1375 872 1432 correctionis
881 1374 1025 1439 disciplina
1037 1374 1065 1426 in

223 1456 325 1510 baculis
335 1469 461 1515 manuum
472 1463 594 1529 figmata.
622 1467 734 1520 Baculus
753 1463 823 1516 enim
838 1459 970 1524 significat
987 1461 1064 1513 recti·

129 1587 133 1593 .
223 1543 343 1598 tudinem
356 1545 482 1614 iustitiae,
511 1563 562 1616 oua
580 1551 706 1604 debemus
724 1545 949 1622 nosmetipsosde
967 1547 1064 1599 nostris

128 1639 132 1647 ’
224 1631 375 1686 excessibus
392 1638 454 1688 ante
471 1639 683 1693 communionem
703 1636 839 1700 judicare:
869 1632 1064 1697 deprehendite

224 1717 389 1782 disciplinam
418 1724 468 1774 etc.
521 1723 617 1785 Quodsi
655 1722 828 1785 nosmetipsos
860 1717 1065 1782 dijudicaremus

224 1805 259 1865 (l.
273 1806 337 1858 eor.
352 1802 395 1870 11,
410 1803 467 1873 27.)
502 1810 584 1872 And:
616 1809 746 1862 lscendot
763 1807 805 1860 llic
830 1805 955 1859 adversus
973 1806 1001 1856 te
1019 1805 1063 1858 tri·

225 1891 307 1947 dunat
323 1893 419 1946 mentis
437 1895 498 1947 tuae
526 1896 553 1946 et
570 1896 711 1947 constituto
738 1893 767 1947 in
785 1891 862 1945 corde
876 1890 976 1955 indicio
994 1890 1064 1942 adsit

225 1980 375 2031 accusatrix
401 1981 525 2044 copltrtio
547 1982 575 2032 et
602 1980 676 2032 testis
703 1976 864 2032 conscientie
890 1978 917 2028 et
943 1975 1064 2028 carnifex

224 2064 305 2118 timor
320 2066 432 2129 nomini,
450 2065 513 2118 iude
530 2065 639 2132 quidam
665 2067 773 2130 sanguis
791 2064 894 2118 animae
914 2060 1063 2114 condientis

195 2193 198 2198 .
224 2162 272 2214 per
283 2150 405 2204 lacrimas
417 2151 530 2214 produat
546 2153 574 2203 et
590 2151 630 2203 sic
639 2154 726 2205 cessat
737 2150 872 2205 vindincto
885 2147 983 2209 diune.
1005 2159 1064 2201 cum

225 2237 355 2288 confessio
382 2239 409 2289 et
435 2237 563 2292 correctio
588 2238 725 2302 praecedit
746 2239 860 2291 numano
885 2235 968 2288 etsie
986 2236 1063 2288 lromo

227 2321 322 2387 dignus
340 2324 390 2376 erit
407 2323 609 2399 adsumendum
622 2334 717 2387 corpus
730 2323 825 2377 curisti
842 2334 913 2376 nunc
930 2321 960 2374 in
977 2334 1063 2375 sacra-

225 2412 315 2462 mento
333 2411 360 2460 et
376 2409 494 2472 perlecta
511 2409 637 2463 unitione
655 2409 682 2462 in
695 2410 798 2463 ditono:
818 2408 905 2462 omnis
924 2407 1063 2472 disciplina

226 2494 404 2558 inpraesenti
430 2507 483 2548 non
509 2496 614 2550 videtur
636 2494 726 2560 gaudii
743 2495 789 2548 sed
807 2493 942 2568 moeroris,
963 2498 1063 2560 postea

227 2584 315 2633 autem
327 2579 441 2634 lrnctom
452 2583 649 2645 pacatissimum
662 2581 811 2636 exercitatis
830 2591 878 2645 per
894 2591 954 2632 eam
972 2578 1063 2632 reddet

224 2665 351 2731 iustitiae.
366 2663 512 2732 (ΜΩ,
524 2666 564 2730 1.)
