2384 3759
582 338 619 395 88

181 486 268 549 chlat
301 482 354 535 sed
380 494 410 535 sc
433 480 466 533 ad
490 492 521 533 sc
546 480 700 533 nullatenus
726 480 845 545 colligit,
873 480 925 533 nisi
954 480 1026 543 prins

186 569 309 623 didicerit
326 572 488 621 terrenorum
514 569 592 630 etque
611 566 762 619 coelestium
780 567 922 629 imaginum
943 568 1027 628 pban·
1096 602 1097 607 η

185 657 303 709 casmeta
320 655 354 705 ab
372 655 448 705 oculo
461 652 555 705 mentis
568 664 748 715 compescere:
770 652 895 717 quidquid
908 652 942 703 de
957 652 1025 715 visu,

186 740 315 807 quidquid
333 740 365 791 de
384 739 485 800 auditu,
504 736 629 801 qnidqnid
648 736 681 787 de
699 736 823 799 odoratu,
847 737 974 803 quidquid
995 738 1029 789 dc

187 831 260 881 tactu
279 832 306 879 et
324 830 402 891 gustu
419 835 544 886 corporeo
562 822 715 885 cogitationi
733 822 789 886 ejus
808 824 964 885 occurrerit,
986 836 1030 875 rc·

187 924 283 977 spuere
302 916 380 977 atque
398 911 519 963 calcare:
538 912 668 973 quatenus
687 910 767 961 talem
780 920 808 961 se
821 913 932 973 quaerat
944 910 1027 970 intus,

188 999 276 1063 qualis
293 998 352 1049 sinc
368 996 427 1049 istis
445 998 495 1047 est.
531 995 596 1047 Nam
615 996 681 1047 baec
698 994 800 1057 qnando
818 995 931 1059 cogitat,
952 995 1028 1059 quasi

187 1084 316 1151 quosdam
335 1081 440 1134 umbras
458 1092 594 1145 corpomrn
614 1081 741 1133 introrsus
760 1086 854 1133 versat.
891 1080 1030 1144 tbigcnda
1102 1072 1104 1147 'q

188 1182 251 1235 ergo
269 1173 332 1221 sunt
349 1168 438 1220 omnia
456 1178 536 1219 manu
563 1166 729 1219 discretionis
755 1166 788 1217 ab
814 1166 896 1219 oculis
919 1166 1028 1228 mentis,
1104 1169 1105 1203 l

189 1259 321 1319 quatenns
340 1251 420 1304 talem
438 1264 467 1304 se
490 1255 576 1305 anima
603 1253 768 1317 consideret,
797 1253 881 1317 qualis
907 1252 955 1305 sub
974 1252 1031 1304 beo
1104 1244 1106 1265 ¹

190 1350 270 1401 snpra
290 1348 383 1400 corpus
401 1344 487 1390 creata
505 1341 558 1391 est:
579 1343 609 1391 ut
627 1352 643 1391 a
660 1340 795 1403 superiore
816 1337 960 1400 vivificata,
989 1337 1031 1390 ri·

187 1421 277 1474 videet
294 1421 414 1485 interius,
432 1422 500 1486 qnod
517 1422 692 1491 administrat.

258 1508 298 1561 td
325 1507 395 1559 idem
423 1508 545 1562 inducere
573 1522 621 1562 nos
640 1510 719 1565 debet
740 1506 881 1563 ineffabilis
898 1510 1029 1574 suavitas,

189 1606 257 1659 quac
284 1593 321 1649 ibl
347 1593 508 1657 percipitur:
537 1595 700 1649 admirabilis
726 1598 868 1660 perfectio,
897 1609 963 1661 quae
992 1596 1031 1649 lbi

190 1681 351 1735 addiscitur:
379 1680 535 1745 principium
563 1682 649 1734 omnis
675 1682 862 1745 beatitudinis,
894 1682 963 1748 quod
993 1682 1031 1735 ibi

189 1768 327 1832 reperitur.
365 1768 430 1821 liam
454 1768 512 1820 lons
535 1768 620 1821 omnis
637 1768 808 1821 beatitudinis
826 1779 941 1823 summus
960 1769 1033 1821 licus

190 1854 227 1907 ibl
245 1854 420 1917 cognoscitur,
442 1857 470 1905 et
487 1854 557 1919 qund
575 1854 757 1917 cognoscitur,
785 1856 835 1907 lonc
857 1857 972 1905 amatur:
1004 1858 1035 1907 et

189 1942 259 2007 quod
278 1952 340 1995 nere
357 1941 538 2007 amatur„bnc
555 1940 732 2009 desideratur:
751 1944 779 1992 et
791 1952 838 2003 pro
849 1952 900 2004 qun
911 1938 1034 1992 studiose

190 2028 335 2091 laboratur,
354 2028 404 2079 boc
422 2027 528 2080 tandem
547 2027 707 2091 adquiritur:
727 2038 838 2091 cumque
857 2025 1032 2089 tandemad-

190 2113 315 2179 quisitonr
331 2113 421 2175 inerit,
441 2123 500 2165 cunr
519 2112 694 2165 delectatione
712 2110 900 2165 interminabili
912 2110 1034 2174 posside·

192 2204 243 2252 tur.
280 2200 316 2249 be
334 2200 384 2250 bac
401 2198 430 2249 ll.
448 2198 609 2251 bernardus:
640 2198 709 2261 dnae
735 2198 808 2249 enlm·
833 2196 921 2249 anima
948 2191 1035 2249 semel

191 2297 208 2336 a
225 2285 278 2335 beo
296 2282 388 2337 didicit
405 2286 433 2335 ct
449 2285 551 2347 accepit
568 2284 666 2337 intrare
683 2283 718 2335 ad
735 2285 857 2347 seipsam,
879 2286 906 2337 et
923 2282 951 2333 in
970 2282 1034 2335 inti·

191 2370 243 2421 ruis
261 2367 316 2421 suis
333 2368 379 2421 bei
397 2371 573 2432 praesentiam
591 2370 732 2434 suspirare,
754 2374 781 2422 ct
793 2380 917 2433 quaerore
935 2368 1035 2421 taciem

192 2453 249 2519 eins
267 2464 384 2515 semper:
407 2453 530 2519 (spiritns
546 2460 587 2506 est
604 2455 675 2505 enim
693 2455 775 2507 bens:
795 2455 883 2519 etqui
903 2459 1037 2519 quaenunt

192 2551 264 2601 curn,
283 2542 386 2601 oportet
403 2550 447 2591 eos
465 2540 494 2592 ln
510 2540 604 2603 spiritu
622 2541 766 2604 ambulare,
786 2542 813 2593 et
824 2553 876 2595 nnn
895 2540 923 2591 in
942 2552 1035 2602 carne,

193 2629 225 2679 ut
240 2626 384 2677 secundum
403 2636 508 2678 carnem
533 2627 649 2687 vivant.)
673 2628 751 2691 tulis,
781 2628 906 2691 inquam,
933 2627 1036 2690 anina,

193 2710 301 2774 nescio,
332 2724 364 2762 an
392 2712 434 2763 vel
462 2711 546 2774 ipsam
573 2716 721 2777 gebennam
744 2713 777 2765 ad
796 2717 898 2775 tempus
916 2714 1037 2775 experiri

193 2798 365 2859 borribiilns,
392 2798 565 2861 poenaliusve
593 2798 688 2862 ducat,
712 2811 793 2863 qnam
811 2801 871 2862 post
888 2798 1039 2861 spiritualis

195 2883 278 2937 studii
297 2882 374 2946 bnjns
391 2886 521 2946 gustatam
539 2886 621 2937 semel
645 2885 817 2947 suavitatem,
846 2884 919 2936 exire
947 2884 1040 2937 denuc

195 2969 345 3029 illecebras,
365 2968 408 3019 vel
427 2966 514 3030 pntlns
532 2966 565 3017 ad
583 2966 717 3021 ninlestins
736 2970 835 3032 cernis,
855 2981 1039 3035 sensuumque

196 3054 386 3116 inexplebilem
399 3054 517 3115 repetere
530 3052 724 3107 curiositatem:
745 3054 848 3108 dicente
859 3056 1037 3109 Ecclesiaste:

195 3138 237 3200 (i,
258 3136 301 3196 8.)
330 3140 424 3193 Oculus
442 3149 495 3189 nnn
514 3137 639 3200 impletur
656 3139 731 3203 uisu,
760 3154 809 3193 nec
836 3141 907 3210 auris
934 3141 1040 3195 auditu.
