2384 3759
605 389 658 444 186

215 535 276 601 cuia
303 547 339 587 sc.
369 545 421 586 non
447 531 610 585 manducans
636 529 876 593 sacramentaliter,
904 530 1051 584 manducat

214 619 388 685 spiritualiter
405 623 432 671 et
448 629 465 670 e
482 629 617 670 conuerso.
655 617 729 669 Circa
752 615 917 680 spiritualem
935 617 1051 670 maudu-

215 707 344 760 catiouem
371 705 421 756 tria
446 708 508 756 sunt
525 703 716 755 consideranda
734 715 770 755 sc,
790 701 940 756 diderenilo
959 715 1050 766 perso-

216 803 309 845 narum
338 791 377 844 sic
405 789 633 850 manducantium,
660 788 728 840 ratio
745 788 919 851 spiritualiter
939 791 1050 843 ruaudu-

216 877 304 938 candi,
323 876 431 930 eiiectus
448 873 666 927 manducationis.

285 960 367 1025 liuius
384 961 496 1026 primum
514 962 555 1012 cst
571 960 720 1013 dliierentia
732 971 901 1024 personarum
919 962 960 1014 sic
978 973 1052 1014 man-

216 1048 381 1109 ducantium,
410 1059 478 1111 quae
496 1048 536 1098 cei
553 1047 665 1109 triplex:
692 1047 886 1111 incipientium,
911 1046 1053 1110 prolicien-

215 1136 293 1198 tium,
310 1135 498 1197 perlectorum:
518 1131 730 1184 iianducantium
747 1132 854 1185 iuemnt
865 1136 982 1196 quatuor
993 1133 1053 1184 mii·

217 1221 253 1275 iia
282 1220 397 1272 unorum
425 1216 542 1280 exceptis
568 1217 722 1270 mulieribus
749 1221 776 1271 ct
792 1217 918 1283 parvulis.
938 1219 1052 1279 (Manli.

216 1300 330 1368 lodii.)
364 1304 394 1355 iu
421 1303 539 1364 parvulis
563 1303 733 1367 incipientes,
764 1303 793 1354 in
819 1303 977 1356 mulieribus
994 1313 1054 1367 pro-

216 1388 343 1452 icientes,
363 1390 391 1440 iu
410 1389 472 1442 viris
489 1389 600 1454 perlecti
617 1387 805 1453 significantur.

286 1475 435 1530 Secundum
453 1479 494 1527 est
511 1475 589 1538 ratio,
609 1487 660 1540 oua
683 1476 806 1528 dicuntur
820 1475 873 1539 iam
892 1475 956 1528 dicti
975 1475 1053 1539 spiri-

217 1560 327 1614 tualiter
347 1562 517 1614 manducare.
553 1561 626 1614 iinde
652 1562 803 1614 sciendum:
828 1561 906 1625 primi
927 1573 964 1614 sc.
987 1561 1054 1614 inci·

217 1649 320 1713 pientes
337 1647 497 1700 manducant
513 1647 687 1712 spiritualiter
712 1649 814 1700 ratione
832 1647 893 1702 iidei
911 1648 1051 1713 salutaris;

217 1735 327 1788 secundi
344 1736 447 1788 ratione
464 1733 548 1786 douae
560 1734 781 1798 conversationis3
801 1735 872 1788 tertii
887 1735 991 1786 ratione
1010 1736 1055 1786 de·

217 1826 296 1876 rotae
326 1821 512 1874 meditationis,
549 1819 710 1882 deprimis:
737 1821 827 1874 iustus
853 1832 887 1872 ex
903 1818 957 1872 ilde
976 1821 1052 1884 vivit,

218 1911 343 1974 tanquam
370 1920 405 1960 es
430 1907 489 1959 cido
515 1904 655 1970 spirituaii.
692 1907 772 1968 iuga
792 1905 875 1958 crede
897 1909 926 1957 et
942 1907 1055 1958 mandu-

218 1995 293 2047 casti.
325 1995 438 2047 credere
456 1994 526 2046 enim
544 1993 571 2044 in
589 1991 721 2044 christum
739 1993 780 2042 est
797 1991 928 2044 credendo
946 1991 976 2044 in
995 2003 1055 2044 euni

219 2080 267 2143 ire,
288 2080 339 2143 ipsi
352 2081 429 2132 eorde
442 2079 590 2144 inhaerere,
608 2079 635 2129 ln
653 2077 710 2140 ipso
723 2073 848 2130 delectari
866 2081 894 2130 et
904 2089 954 2142 per
965 2091 1056 2133 reram

218 2167 357 2218 caritatem
374 2165 498 2217 membris
524 2163 581 2227 eius
597 2165 766 2228 incorporari.
803 2167 841 2218 iio
858 2166 993 2229 secundis,
1012 2166 1057 2232 oui

219 2252 379 2304 manducant
403 2251 505 2303 rutione
531 2250 618 2303 douae
645 2250 864 2304 conversationis:
891 2253 946 2316 ligo
969 2253 1057 2306 citum

219 2338 305 2390 laneo
330 2339 506 2402 manducare,
535 2349 611 2402 quem
629 2348 677 2390 vos
703 2337 816 2390 nescitis.
843 2335 1057 2402 (recount.)

219 2425 273 2477 isto
290 2423 364 2476 clitus
381 2425 587 2477 conversationis
614 2423 734 2478 consistit
750 2435 784 2476 er
802 2423 885 2476 tribus
902 2425 1056 2490 virtutibus,

221 2508 296 2574 quasi
322 2521 355 2562 ea
381 2511 465 2562 tribus
491 2512 601 2564 iercuiis
627 2523 664 2562 so.
693 2509 853 2575 innocentia,
881 2513 1055 2577 poenitentia,

221 2589 408 2648 misericordia.
438 2597 517 2649 Tertii
534 2609 572 2649 sc.
584 2597 694 2661 perlecti
711 2597 871 2649 manducant
882 2598 1058 2660 spiritualiter

221 2682 322 2735 ratione
340 2681 451 2734 devotae
468 2683 656 2736 meditationis.
692 2685 724 2737 iit
741 2683 768 2736 in
786 2684 835 2736 itae
852 2685 1057 2739 manducatione

219 2769 272 2824 tria
289 2772 359 2832 sunt,
388 2780 455 2833 quae
482 2770 510 2820 in
528 2769 743 2822 commestatione
761 2771 890 2834 corporali
908 2773 1056 2826 consistunt

221 2867 257 2908 sc.
278 2854 418 2920 appetitus,
437 2855 585 2907 masticatio
604 2859 631 2908 et
648 2855 797 2909 delectatio.

289 2943 376 2994 Primo
389 2940 513 2992 debemus
526 2942 625 2993 saurim
637 2941 811 3006 spiritualiter
823 2943 956 2996 Christum
970 2944 1053 2998 cibum

221 3032 338 3081 nostrum
366 3026 458 3077 intimo
484 3025 563 3077 corde
589 3027 772 3082 desiderando.
810 3029 838 3081 Si
860 3041 914 3081 non
934 3029 1056 3084 dixerunt

222 3110 384 3164 uneruacull
410 3109 475 3161 mel:
507 3111 565 3172 puis
583 3111 637 3173 det,
668 3118 698 3166 ut
716 3115 748 3166 de
771 3115 892 3168 carnibus
910 3117 969 3181 eius
987 3122 1054 3170 satu·

221 3197 326 3248 minori
338 3194 413 3257 (lod.
422 3191 468 3257 31,
478 3190 537 3253 31.)
572 3197 650 3257 Quasi
668 3200 797 3261 optairaut
822 3206 850 3254 et
869 3202 1056 3258 desiderabant
