2384 3759
637 351 690 406 178

245 496 414 554 eramentalts
433 496 545 556 uotum,
576 491 707 556 quomodo
734 491 797 544 mali
816 491 959 546 camdeni
977 493 1081 546 mando·

245 587 316 646 cant,
344 583 406 647 quia
424 579 604 633 venerandum
622 589 715 641 eorpus
740 577 768 629 in
786 581 894 642 peceato
912 581 1020 632 mortali
1041 591 1080 632 ore

245 671 348 738 polluto
365 670 499 721 sumentes
517 665 604 717 cordis
623 664 744 717 ellectum
772 665 805 716 ab
824 666 964 718 innuentia
981 666 1081 720 virtutis

245 757 371 812 bonitatis
388 755 454 818 ejus,
484 751 600 817 peccatis
627 752 682 804 suis
701 751 842 804 immundis
861 752 989 817 cidaris,
1011 754 1082 819 quasi

237 837 302 899 'lnto
321 847 348 895 et
365 842 453 906 lapide
470 839 606 892 claudunt.
644 838 736 890 Ezeeb.
753 835 794 900 14,
809 837 850 890 3.:
874 844 1022 902 posuerunt
1037 840 1081 892 ina·

245 927 389 986 munditias
400 936 462 980 snas
480 926 508 977 in
521 923 642 976 cordibus
655 923 709 976 suis
722 927 749 976 et
760 923 841 987 idola,
861 937 898 976 sc.
919 925 1081 978 scandalium

245 1015 391 1080 iniquitatis
417 1024 481 1065 snae
508 1011 657 1064 statuemnt
687 1013 776 1064 contra
802 1011 898 1063 taciem
920 1023 1011 1064 suam:
1039 1011 1081 1068 lsti

244 1103 408 1156 manducant
438 1103 465 1152 et
491 1110 544 1150 non
573 1097 749 1162 mendacrum
778 1097 941 1152 manducant
968 1098 1078 1164 quidem,

239 1190 309 1255 ‘poia
325 1197 419 1250 corpus
436 1182 540 1238 bomini
557 1185 665 1236 sumunt
675 1184 910 1250 sacramentaliter,
930 1185 979 1236 sed
997 1188 1080 1238 tamen

242 1285 298 1330 aon
316 1272 485 1337 manducant,
505 1270 566 1335 qnia
577 1270 704 1324 uirtutem
715 1270 881 1333 spiritualem
900 1271 918 1322 i.
933 1283 957 1324 e.
972 1272 1081 1324 salutem

246 1359 352 1412 animae
369 1369 423 1450 non
439 1350 599 1421 percipiunt.
628 1355 759 1410 Habemus
778 1357 870 1420 altare,
890 1357 923 1410 de
936 1369 988 1422 quo
1007 1357 1081 1410 edere

245 1457 300 1498 non
312 1444 410 1497 babent
420 1447 588 1508 potestatem,
608 1443 653 1508 qui
671 1442 841 1496 tabernaculo
855 1443 1010 1498 deserviunt
1026 1445 1044 1496 i.
1058 1455 1079 1495 e.

244 1532 362 1598 peccatis
379 1531 538 1584 camalibos.
561 1532 594 1590 (l.
611 1531 673 1582 dor.
687 1527 730 1594 10,
745 1527 804 1592 20.)
840 1531 896 1584 Non
913 1531 1025 1594 potestis
1043 1542 1081 1582 ca·

244 1621 324 1674 licem
342 1619 445 1675 bomini
461 1617 552 1670 bibere
570 1621 599 1669 et
620 1617 730 1669 calicem
748 1618 955 1670 doemoniorum.
989 1619 1078 1682 drea:

245 1709 291 1761 list
316 1705 422 1772 quidem
449 1706 476 1758 in
503 1703 685 1768 peccatoribus
712 1704 822 1768 indigne
838 1703 1004 1756 sumentibus
1022 1715 1081 1757 uera

246 1793 343 1846 cbrbtl
369 1803 430 1844 earo
458 1795 486 1844 et
511 1801 591 1842 ueros
619 1789 739 1854 sanguis,
767 1789 893 1843 videlicet
915 1788 1080 1854 praesentiali

240 1879 370 1941 rusentio,
397 1889 451 1930 non
468 1875 568 1929 salubri
590 1875 742 1928 efficientia.
779 1878 859 1953 nugs
888 1876 934 1939 Qui
953 1875 1080 1930 discordat

247 1965 393 2026 aceruo,
420 1975 470 2015 nee
486 1961 634 2013 manducat
655 1973 761 2014 munem
784 1961 841 2024 ejus
864 1975 913 2014 nec
941 1963 1010 2016 bibit
1025 1975 1078 2014 san·

246 2050 354 2114 guinem
371 2051 438 2102 etsi
456 2053 546 2101 tantm
563 2048 603 2100 rei
620 2051 814 2101 sacramentum
839 2047 955 2114 quotidie
973 2048 1025 2102 sibi
1041 2059 1077 2100 sn·

241 2138 302 2188 ,mat
327 2137 361 2187 ad
377 2135 515 2198 iudicium.
552 2133 686 2187 biscordat
702 2145 719 2185 a
738 2135 847 2197 cbristo,
878 2135 922 2199 pul
942 2135 1029 2188 cordis
1045 2133 1077 2186 al·

245 2221 344 2273 lectum
363 2221 396 2272 ab
414 2233 446 2273 eo
464 2223 585 2274 avertens
604 2220 638 2273 ad
650 2226 786 2284 peecatum
806 2221 943 2274 convertit.
975 2223 1008 2274 Et
1024 2219 1078 2283 talis

244 2316 308 2359 veae
324 2307 483 2360 mercabilis
495 2309 547 2360 dici
565 2310 660 2371 potest,
681 2307 715 2360 ad
735 2319 813 2372 onem
830 2311 884 2360 tam
896 2319 1024 2372 magnum
1040 2307 1077 2360 bo

238 2401 309 2444 anm
327 2394 478 2457 manenter
503 2395 578 2448 venit
603 2397 631 2447 et
655 2394 758 2446 nullum
777 2395 871 2446 exinde
889 2395 1029 2458 spirituale
1037 2391 1078 2444 'ln-

245 2487 319 2528 mom
337 2479 434 2542 accipit
449 2482 507 2533 sire
525 2481 645 2545 percipit.
987 2469 989 2473 ¹

315 2564 370 2616 lloc
388 2567 466 2618 modo
493 2579 529 2620 sc.
550 2568 777 2621 sacramentaliter
801 2566 1019 2620 manducantium
1035 2566 1078 2618 teia

248 2652 313 2702 sont
337 2663 450 2714 genera:
478 2654 557 2716 primi
585 2653 723 2715 malevoli,
742 2653 858 2705 secundo
885 2651 980 2716 dolosi,
1009 2652 1078 2706 tertio

243 2739 444 2801 praesumtuosl.
482 2738 561 2790 ani
578 2743 655 2804 sont,
684 2740 728 2803 oni
746 2751 844 2802 eorpus·
857 2739 960 2790 bomini
978 2739 1079 2792 sumunt

243 2823 273 2875 tn
298 2823 426 2886 peccandi
452 2825 597 2878 voluntate
634 2825 749 2878 secundi
774 2827 837 2876 sunt
855 2824 1022 2889 hypocritae,
1040 2821 1077 2887 pul

234 2908 307 2960 doris
327 2908 390 2959 boni
409 2913 575 2973 apparentes,
594 2913 698 2964 occulte
724 2914 787 2963 snut
803 2911 877 2976 pravi
903 2915 932 2964 et
950 2904 1076 2976 tamquam

240 2992 304 3055 lusti
318 2995 449 3046 accedunt
465 2996 499 3046 ad
511 2996 603 3046 altare.
634 2999 714 3051 lentii
731 3001 801 3060 snut,
822 2999 867 3062 oui
885 2999 1004 3052 maxime
1020 2997 1076 3050 null

242 3090 305 3138 suot
330 3092 357 3138 et
383 3090 472 3139 mmen
499 3095 670 3150 praesumunt
687 3093 887 3146 communicare.
926 3095 964 3146 be
982 3095 1076 3147 duobos

244 3171 338 3231 primis
355 3177 443 3236 potest
460 3173 504 3224 bic
522 3173 574 3225 diei
591 3177 619 3225 et
636 3176 669 3228 de
687 3179 765 3231 tertio
783 3179 811 3232 in
828 3181 957 3244 sequenti.
