2384 3759
623 239 631 278 t

516 323 568 381 lla

125 480 168 522 eos
182 461 404 530 (1²2.1ot,4o.);
432 465 509 528 panis
526 465 661 528 egentium
678 467 731 519 vita
750 477 893 530 pauperum
911 469 957 520 est.
1050 443 1058 462 ⁶

123 553 214 616 [lect.
229 547 275 615 34,
287 547 348 611 25.)

423 885 579 955 CAPUT
606 887 652 952 X.

120 1047 171 1103 De
195 1046 306 1101 formu
333 1044 516 1100 donationis
546 1057 628 1112 quae
652 1043 746 1100 datur
774 1043 834 1098 suls
852 1045 959 1116 speeie

318 1147 414 1218 panis
427 1146 541 1202 triticei
554 1147 687 1218 propter
699 1147 768 1202 iria.

192 1324 269 1377 cirea
297 1323 408 1376 iormam
435 1321 585 1376 donationis
610 1321 725 1384 eorporis
743 1323 958 1376 considerandum

120 1415 169 1474 est,
202 1410 272 1474 quod
290 1408 415 1462 Dominus
440 1409 484 1460 tlat
500 1409 567 1461 illud
593 1409 642 1460 suit
664 1408 753 1472 speele
771 1411 846 1474 panis
864 1409 958 1464 triticei

117 1501 148 1549 et
164 1509 221 1548 non
239 1495 351 1547 alterius
368 1498 395 1546 et
412 1495 464 1547 lloo
481 1497 590 1559 propter
607 1495 678 1547 tria:

190 1581 290 1644 Primo,
310 1584 417 1644 propter
428 1580 504 1644 illljtls
517 1581 592 1644 grani
605 1593 668 1644 pree
681 1583 773 1635 ceteris
785 1581 955 1645 nobilitatem,

119 1669 192 1734 quoti
211 1669 340 1732 probatur
356 1679 372 1718 a
390 1667 488 1720 tribus:
518 1668 610 1730 primo,
640 1669 708 1732 quoti
726 1671 774 1721 lloo
792 1679 900 1732 granum
920 1670 959 1720 est

118 1756 305 1820 purissimum,
324 1754 341 1805 i.
362 1767 385 1807 e.
406 1755 471 1806 liaeo
489 1755 590 1818 speeies
608 1755 665 1807 sola
683 1755 753 1808 inter
764 1755 836 1808 alias
855 1752 960 1816 attingit

120 1842 345 1905 complementum
363 1852 400 1892 so.
420 1850 547 1892 sommam
566 1842 720 1906 puritatem3
750 1853 811 1894 nam
835 1838 958 1904 quemad-

118 1928 229 1980 modum
249 1936 328 1977 omne
345 1925 481 1978 metellum
500 1928 655 1991 purgatione
678 1928 803 1980 materiae
822 1927 849 1978 io
867 1937 957 1978 aurum

118 2014 220 2066 dieitur
238 2012 418 2074 transmutari,
437 2011 475 2064 sio
493 2013 572 2064 etlam
585 2013 704 2065 videmus
722 2014 754 2064 ue
773 2012 870 2076 manis,
890 2011 959 2075 quod

118 2097 233 2152 bonitati
253 2102 339 2150 terrae
357 2102 484 2162 purgatur
495 2098 572 2160 siligo
585 2101 612 2150 et
630 2096 657 2148 in
671 2098 783 2150 triticum
796 2097 956 2152 nobilitatur.

118 2185 244 2238 secundo
262 2196 372 2247 manum
391 2184 472 2238 tritioi
488 2187 530 2236 est
547 2183 581 2235 ad
592 2193 689 2248 panem
709 2183 956 2245 communissimum,

122 2273 169 2337 qui
187 2273 316 2334 competit
327 2271 398 2322 sauls
416 2275 442 2323 et
455 2271 573 2333 infirmis,
594 2271 647 2322 imo
660 2271 731 2323 omni
744 2270 852 2322 animali
865 2282 959 2333 panem

119 2357 281 2410 comedenti.
320 2357 405 2410 Tertio
428 2360 468 2408 est
486 2356 518 2409 att
536 2367 642 2411 earnem
661 2355 774 2408 maxime
796 2356 956 2420 nulliacum,

120 2447 183 2510 quia
212 2444 327 2508 punitate
354 2443 468 2496 naturali
497 2447 524 2495 et
542 2441 756 2506 competibilltate
775 2442 906 2494 communi
933 2446 960 2496 et

121 2530 277 2584 viscositate
295 2531 336 2582 sui
354 2531 468 2582 maxime
486 2531 610 2582 membris
629 2529 755 2582 adhaeret
772 2527 958 2582 nutrimentum

122 2616 220 2668 exinde
238 2619 367 2679 sumtum,
397 2617 424 2667 et
441 2615 526 2679 quoad
544 2616 610 2668 haee
628 2616 678 2668 tria
700 2616 814 2668 maxime
832 2616 915 2668 nutrit
934 2619 960 2668 ει

120 2704 262 2756 contonat.
301 2703 332 2754 lit
358 2701 396 2754 sio
424 2701 501 2767 panis
519 2702 635 2754 triticeus
654 2704 681 2754 ει
698 2712 778 2765 purus
805 2705 831 2752 et
849 2711 958 2764 granum

122 2788 179 2852 ειιιε
197 2787 341 2852 praecipue
358 2786 503 2839 nobilitatis
520 2792 627 2852 propter
639 2789 782 2840 eommunis
800 2787 958 2840 couvenien-

122 2875 176 2928 tiae
195 2872 372 2926 nobilitatem.
402 2875 434 2926 lit
451 2874 501 2925 uae
518 2876 620 2926 ratione
633 2886 777 2938 oougnuum
796 2876 845 2936 est,
866 2875 895 2924 ot
912 2883 955 2924 no·

123 2959 280 3015 uilissimum
299 2973 393 3025 eorpus
410 2961 485 3026 quasi
502 2961 680 3014 nobilissimus
692 2961 768 3025 panis
786 2960 897 3013 liliorum
913 2957 957 3012 Dei

125 3049 204 3102 uetur
221 3047 284 3100 tiliis
301 3049 351 3101 suo
370 3048 461 3114 speoie
479 3047 637 3100 nobilissimi
655 3048 739 3110 panis.
792 3101 796 3108 ,

194 3135 316 3190 Seouutlo
334 3135 380 3190 dat
398 3147 491 3200 eorpus
504 3147 581 3190 sumu
599 3134 647 3194 suit
665 3133 752 3198 speeie
770 3132 845 3194 panis
864 3133 960 3186 triticei
