2384 3759
131 551 162 601 ei
177 560 229 600 sex
246 546 401 610 mensibus,
429 546 521 598 mannii
546 546 662 600 titinium
680 558 758 611 suner
775 549 878 603 iunius
895 562 969 605 suns:

131 638 162 687 ei
175 633 316 700 jejunabat
333 632 454 685 omnious
471 633 572 696 dietus,
591 636 696 696 praeter
712 635 769 688 dies
787 639 927 691 solemnes.

203 718 231 771 2.
249 719 288 773 mi
307 730 423 772 umorem
449 719 635 783 macerationis
661 721 747 773 earnis
775 722 897 775 inducere
924 736 971 777 nos

132 806 214 859 debet
230 804 450 869 magnanimitas
466 818 500 858 ex
518 818 550 859 eu
561 808 727 869 proveniens.
764 806 828 860 iiam
841 820 874 861 ex
886 820 972 861 mnne·

131 892 237 945 ratione
256 891 346 944 narnis
363 891 471 953 sntritns
489 891 516 942 in
534 892 647 956 negotiis
664 894 845 956 spiritualibus
867 894 972 947 robora·

133 981 187 1042 tur,
204 978 284 1042 turin
302 977 370 1031 iiiutt
389 979 518 1042 Apostoli:
538 976 584 1043 (ii.
607 974 801 1043 cor.12‚10.i
820 979 883 1030 cnm
901 979 972 1031 enim

133 1064 257 1117 intirmor
275 1065 317 1127 (in
336 1064 438 1128 earne),
457 1068 521 1116 inne
537 1068 632 1127 notens
653 1076 711 1116 sum
734 1065 774 1125 (in
792 1063 907 1129 spiritu.)
942 1064 973 1117 iii

133 1155 240 1203 eontra:
260 1163 296 1203 ex
313 1151 426 1203 mollitie
443 1151 530 1203 carnis
548 1151 623 1213 vigor
634 1150 741 1213 spiritns
754 1150 780 1203 in
792 1150 972 1215 spiritualibus

133 1237 287 1298 hebetatur,
301 1235 378 1298 juxta
395 1236 462 1288 itini
479 1238 509 1289 ii.
528 1236 680 1299 Augustini:
700 1237 814 1289 iieiieata
837 1249 896 1290 earo
915 1238 971 1291 uni·

134 1334 207 1375 mam
223 1326 375 1375 contremui
392 1325 420 1374 et
436 1322 576 1385 consumit,
594 1324 664 1376 sieut
680 1324 749 1388 ignis
766 1325 898 1389 sitoniam.

205 1405 232 1459 3.
253 1411 440 1471 Argumentum
458 1420 536 1463 verae
553 1410 736 1462 macerationis
754 1414 802 1474 est,
822 1423 881 1463 num
899 1410 971 1464 narni

134 1494 212 1547 nnita
229 1494 367 1557 voluntas,
391 1495 439 1547 sed
455 1496 514 1547 sota
535 1495 679 1547 nenessitas
701 1496 872 1561 impenditur,
894 1496 972 1560 iuxta

135 1579 204 1633 ittntt
220 1580 352 1643 Apostoli:
371 1581 506 1633 Debitores
522 1577 630 1645 sumns,
649 1594 701 1635 non
720 1584 806 1646 narni,
828 1586 858 1635 ui
879 1594 971 1635 sennu-

135 1666 199 1717 unm
217 1666 325 1719 earnem
344 1667 471 1720 vivamus.
507 1664 597 1730 (Rom.
617 1665 648 1731 8,
675 1666 731 1732 12.)
766 1668 831 1721 itam
849 1668 972 1729 voluntas

133 1752 220 1803 mutto
237 1752 315 1814 ntum
326 1751 479 1805 delicatiora
491 1752 583 1817 erigit,
603 1764 679 1817 quum
693 1755 835 1806 nenessitas
847 1752 968 1817 reurririt3

134 1836 182 1889 sed
200 1834 346 1889 nenessitas
362 1838 453 1899 nonnis
471 1841 512 1890 est
528 1843 661 1892 contenta.
698 1842 730 1892 nt
752 1839 886 1902 subjungit
903 1841 969 1902 rino·

135 1924 221 1976 stolus
248 1923 367 1985 muium,
399 1934 562 1988 consequens
588 1926 770 1989 voluntatem,
805 1924 911 1978 disens:
942 1924 970 1977 si

134 2010 284 2061 seeundum
314 2018 420 2062 earnem
451 2010 589 2075 vixeritis,
623 2013 779 2065 moriemini.
826 2012 853 2066 si
884 2014 971 2064 nutem

134 2097 231 2160 spiritu
242 2097 313 2149 iacta
324 2096 646 2163 mmismoriitinaveritis‚
657 2099 760 2153 vivetis.
777 2096 865 2162 (Rom.
877 2094 902 2159 8,
915 2095 971 2161 13.)

134 2183 276 2236 ituniiesta
294 2186 381 2235 numm
398 2187 460 2237 sunt
477 2196 557 2248 onera
575 2172 684 2249 curnis,
706 2198 772 2250 unte
790 2189 863 2237 sunt:
891 2184 971 2237 iorni·

135 2271 214 2332 natio,
235 2270 414 2332 immunditia,
442 2271 620 2335 impudicitia,
649 2270 754 2323 luxuria
772 2271 900 2324 iuniorum
918 2282 972 2323 ser·

134 2356 216 2419 vitus,
236 2354 374 2418 veneticis,
394 2356 555 2420 inimicitiae,
569 2357 757 2421 contentiones,
772 2358 971 2419 aemulationes,

136 2442 203 2504 irae,
222 2441 308 2504 rixae,
329 2441 515 2507 dissensiones,
535 2447 636 2505 seciae,
661 2442 793 2507 invidiae,
821 2442 970 2506 homicidia,

136 2528 288 2592 ebrietates,
306 2530 551 2594 commessationes,
579 2535 607 2582 ei
624 2528 664 2580 iiis
682 2529 795 2581 similia:
813 2540 879 2595 qnae
897 2542 971 2593 prae·

135 2615 194 2669 atino
212 2614 308 2677 vonis,
335 2615 402 2669 sicut
419 2616 556 2680 praedixi,
584 2616 706 2682 quoniam
734 2618 777 2681 qui
797 2618 860 2669 talia
879 2622 968 2682 agunt,

135 2711 248 2765 regnum
271 2699 317 2753 liei
339 2711 391 2752 non
408 2708 609 2766 consequentur.
641 2702 712 2766 (Gal.
733 2698 766 2764 5,
787 2698 828 2755 19.
849 2700 891 2756 20.
912 2700 971 2761 21.)

206 2786 284 2840 Atinii
302 2792 484 2853 argumentum
503 2792 551 2851 est,
572 2788 677 2853 qtrnndn
696 2790 809 2854 aliquis,
829 2790 971 2842 seeundum

135 2873 278 2927 consitium
304 2874 367 2926 Jesu
394 2874 507 2938 christi,
536 2875 591 2928 odii
617 2877 731 2928 animam
764 2890 838 2929 suom
869 2876 895 2929 in
922 2878 972 2927 iroe

135 2960 245 3013 montio.
281 2961 346 3013 Nam
364 2961 420 3025 inse
438 2962 562 3014 Dominus
580 2962 632 3015 ait:
654 2964 681 3015 st
700 2964 757 3027 quis
775 2964 851 3016 venit
867 2961 900 3013 nti
919 2972 974 3021 me,

136 3052 164 3100 et
180 3058 235 3099 non
254 3047 312 3100 odit
327 3050 429 3111 patrem
447 3060 541 3111 snum,
570 3052 599 3101 ei
615 3052 744 3111 matrem,
765 3054 793 3101 et
809 3056 926 3109 uxorem,
946 3050 973 3097 ei

135 3134 216 3194 titios,
236 3139 264 3186 ei
280 3135 394 3196 iratres,
413 3141 440 3187 et
456 3146 576 3199 sorores,
605 3136 691 3187 adnue
709 3138 797 3185 antem
815 3134 842 3180 ei
859 3131 974 3179 enimam

136 3233 222 3287 snam,
239 3233 294 3275 non
311 3222 398 3285 notesi
414 3231 489 3272 mens
506 3231 565 3271 esse
582 3219 736 3282 disciputus.
757 3212 839 3271 (Luc.
854 3208 898 3271 14,
911 3208 973 3272 26.)
999 3262 1015 3271 ⁴
