2384 3759
594 350 647 407 108

204 495 335 549 discretio.
368 496 426 549 Non
451 493 523 546 enirn
548 490 696 546 condienda
722 496 785 545 sunt
810 493 896 545 solum
915 492 998 545 verba
1016 493 1042 544 et

205 582 285 643 iacta,
304 580 499 635 commissiones
518 582 545 632 et
562 578 736 640 omissiones,
768 578 814 630 sed
844 578 924 631 etiam
943 578 1043 643 cogita·

206 668 292 721 tiones
319 666 469 719 immundae
496 668 523 718 et
539 674 659 716 momsne
677 663 845 728 directiones,
876 664 1042 717 inordinatae

206 753 385 816 intentiones,
416 749 512 804 noxiae
538 750 705 828 uoluntates,
737 760 862 812 perversa
876 749 986 813 iudicia,
1017 754 1044 802 et

206 838 368 901 suspiciones
385 835 548 889 temerariae.
580 835 645 888 Nam
671 834 736 888 dicii
754 836 896 901 origenes,
927 835 997 901 quod
1016 836 1043 887 in

207 925 255 977 iiia
281 923 324 977 die
352 922 512 975 accusabunt
534 921 708 984 cogitationes
726 922 827 975 animus
845 928 872 974 et
889 922 1043 975 detondent.

207 1011 263 1064 iton
293 1008 483 1072 conationes,
512 1016 579 1070 quae
606 1008 668 1059 tunc
696 1010 781 1069 eruut,
813 1007 859 1059 sed
887 1018 956 1071 quae
974 1018 1045 1060 nnnc

208 1099 270 1148 sunt
287 1094 315 1146 in
332 1092 425 1155 nebu,
446 1102 556 1156 qoamm
573 1094 701 1156 quaedam
719 1097 798 1146 notae
814 1094 998 1159 relinquentur
1016 1094 1043 1145 in

208 1179 391 1241 cordaueiut
408 1178 436 1229 iu
459 1188 529 1231 cera.
566 1180 648 1231 ante
670 1182 875 1243 oonsuectum
892 1180 958 1231 liei.
996 1178 1044 1231 iiiii

207 1268 314 1317 notatur
339 1261 453 1315 ddeiitm
479 1267 507 1316 et
533 1264 669 1329 uerieoiio.
707 1263 855 1317 Secundum
882 1264 1044 1327 agnitionem

208 1350 304 1415 quippe
322 1349 367 1403 liei
392 1350 480 1402 omnia
498 1351 688 1403 considerantia
715 1355 784 1402 unni.
822 1350 870 1403 Ubi
897 1350 969 1401 enirn
998 1362 1045 1403 nos

209 1447 290 1489 unuru
308 1441 445 1500 peccatum
462 1437 642 1500 agnoscimus,
667 1436 724 1499 inse
742 1437 769 1488 in
787 1436 918 1501 sapientia
936 1447 1045 1501 cognos-

210 1520 247 1575 cii
264 1523 346 1575 miiie.

278 1606 305 1660 3.
325 1607 362 1661 Ad
381 1606 572 1660 contessionem
583 1616 674 1659 veram
687 1607 809 1661 inducere
822 1619 870 1659 uos
882 1606 962 1659 debet
975 1610 1044 1660 certa
1108 1654 1109 1657 ,

209 1694 331 1747 remissio
349 1695 526 1758 peccatorum,
546 1695 573 1745 et
588 1692 726 1745 mundatio
744 1694 857 1754 animae,
875 1693 952 1756 iuxta
965 1692 1042 1745 iliud:

208 1780 237 1832 si
255 1779 426 1833 confiteamur
442 1777 550 1841 peccata
567 1783 668 1843 nostra,
689 1778 773 1832 tidelis
791 1781 831 1831 est
848 1782 875 1831 et
891 1778 993 1843 justus,
1016 1782 1044 1831 ιιι

208 1866 325 1919 remittat
341 1864 416 1917 nobis
434 1868 543 1927 peccata
560 1870 659 1928 nostra,
680 1870 707 1918 et
725 1864 849 1918 emundet
865 1876 914 1917 nos
927 1864 961 1917 ab
974 1865 1043 1917 omni

208 1952 355 2017 iniquitate.
373 1952 409 2012 (1.
427 1952 513 2005 loon.
534 1948 559 2014 1,
579 1949 620 2010 9.)
644 1952 674 2005 Ει
692 1951 752 2016 uuio
769 1951 801 2003 ad
820 1952 1002 2005 remissionem
1020 1952 1045 2003 et

209 2039 419 2102 propitiationem
437 2037 591 2101 astringitur
608 2037 700 2099 Pater,
712 2041 748 2089 ei
765 2036 860 2099 Filius,
886 2038 914 2089 et
932 2038 1045 2099 spirtius

175 2135 179 2139 ⁴
209 2128 324 2187 sanctus,
343 2122 486 2177 secundum
504 2123 586 2175 iliud:
607 2122 659 2174 Etsi
673 2123 759 2174 omnia
772 2124 845 2176 novit
856 2123 934 2185 Deus,
953 2134 1045 2175 vocem

211 2214 299 2262 tomen
317 2208 490 2261 confessionis
508 2211 653 2272 exspectat.
691 2208 775 2261 Habet
792 2207 860 2260 enim
878 2219 998 2269 oausam,
1018 2211 1046 2259 ut

209 2306 257 2359 nro
276 2295 302 2345 ie
320 2293 479 2347 interveniat
503 2294 627 2347 christus.
666 2294 750 2346 Habet
776 2297 803 2346 et
828 2304 934 2345 oausam
957 2294 1045 2357 ignos-

210 2380 286 2433 cendi
304 2381 389 2433 i’ater.
426 2380 457 2431 nt
474 2380 599 2445 quidquid
627 2380 685 2431 vuit
702 2378 799 2441 Filius,
829 2380 885 2432 vuit
911 2380 1044 2443 eaproter,

210 2469 239 2517 ei
254 2464 367 2528 spiritus
385 2468 500 2519 sanctus.

279 2546 305 2601 4.
324 2552 510 2613 Argumentum
523 2562 603 2604 verae
616 2552 787 2605 noniessiouis
799 2552 888 2614 hibet,
902 2552 947 2615 qui
958 2552 1046 2604 omnia

210 2638 319 2700 peccata
336 2636 405 2687 siout
422 2647 515 2700 aquam
533 2637 659 2701 edundii;
684 2648 736 2690 non
759 2638 788 2689 ut
809 2641 944 2689 remaneat
961 2639 1043 2699 coior,

210 2722 279 2775 stom
296 2723 322 2774 in
341 2720 469 2774 effusione
486 2723 577 2786 incitam
597 2734 646 2775 nec
658 2723 789 2787 pinguedo
807 2724 849 2777 vei
868 2721 964 2786 sanior.¹
976 2728 1009 2776 ut
1020 2724 1046 2775 in

211 2810 340 2864 ciiosione
357 2808 410 2861 olei
428 2808 471 2861 vei
488 2808 639 2872 sanguinis:
659 2821 709 2863 nec
726 2810 802 2871 odor,
823 2811 852 2861 nt
870 2808 897 2860 in
916 2808 1045 2863 effusione

211 2895 267 2950 riui
285 2896 328 2949 vei
346 2894 423 2947 aceti.
461 2893 539 2947 color
554 2898 686 2960 remanet,
711 2894 814 2963 quando
836 2894 932 2947 dicitur
954 2907 1045 2959 unoca-

211 2986 276 3047 tum,
296 2987 324 3036 et
340 2982 465 3035 reticetur
475 2980 588 3045 occasio,
608 2982 651 3035 vei
664 2982 815 3045 provocatio
827 2980 860 3032 ad
873 2980 1043 3044 peccandum,

211 3074 241 3121 ut
257 3068 290 3121 dt
305 3070 331 3121 in
350 3070 421 3134 gulo,
439 3068 483 3120 vel
501 3067 528 3118 in
546 3066 726 3119 fornicatione.
761 3066 894 3131 Pinguedo
907 3066 950 3118 vei
969 3078 1044 3130 sanor

212 3158 339 3218 romanet,
359 3166 418 3207 cum
436 3151 533 3205 dicitur
549 3154 695 3217 peccatum,
715 3156 742 3204 et
759 3152 883 3205 reticetur
901 3153 1041 3217 quantitas,
