2384 3759
126 488 172 555 28,
185 487 248 550 18.)
283 489 341 542 Tria
359 499 423 541 raro
438 488 467 542 ln
484 489 535 542 troc
551 491 716 542 monumento
735 491 908 554 occultantur,
936 491 964 544 in

127 579 225 644 quinus
242 588 330 630 mores
348 577 530 629 instruuntur:
550 587 661 639 persona
678 575 830 638 salvatoris,
850 577 964 641 pulchri·

127 668 194 719 tudo
212 675 326 728 magnae
344 663 472 726 cmitalls,
501 661 597 714 mirum
616 671 681 724 opus
699 661 892 724 omnipotentis,
928 664 965 716 lie

126 753 214 816 primo
232 751 269 802 Is.
283 745 328 812 45,
342 746 405 800 15.;
436 747 501 800 tere
518 753 548 800 tu
565 759 594 798 es
613 748 680 799 deus
699 746 878 810 absconditus,
897 748 965 802 ilem

127 838 212 892 lsrael
230 837 360 888 salrator.
398 833 434 888 lle
459 833 574 886 secundo
604 835 638 886 ls.
658 833 684 896 8,
715 830 775 885 lt:
803 834 964 896 Exspectate

126 925 278 986 Dominum,
299 922 343 986 qul
362 920 499 974 abscondit
516 920 610 973 taciem
628 931 711 972 suam.
743 919 780 972 lie
798 919 876 971 tertio
893 919 962 973 dccl.

126 1008 170 1074 43,
190 1007 253 1061 ed:
273 1009 354 1062 ilulta
373 1007 599 1060 absconditasunt
610 1005 707 1068 majora
720 1005 770 1066 his,
792 1017 877 1069 pauca
894 1007 964 1058 euim

126 1098 258 1151 uidemus.
296 1092 327 1146 lu
345 1093 386 1147 lois
398 1095 523 1148 discimus
542 1093 569 1144 iu
586 1092 662 1144 nonis
675 1093 831 1158 quandoque
850 1093 900 1144 tria
912 1093 965 1146 uir·

126 1189 202 1236 tuose
215 1181 340 1233 abscondi
353 1191 443 1244 posse:
456 1185 569 1233 nostram
582 1191 730 1244 personam,
741 1179 964 1244 pulcnrltudlnem

126 1269 303 1334 corporalem,
323 1265 452 1320 bonorum
469 1277 578 1330 operum
597 1266 779 1320 intentionem.

198 1355 289 1407 Prinm
308 1353 386 1406 discit
404 1353 491 1416 justus
508 1352 668 1406 abscondere
687 1365 823 1417 personam
841 1366 857 1406 a
875 1365 963 1417 perse·

129 1449 252 1497 culorum
280 1442 368 1494 rurore
394 1445 501 1504 propter
518 1441 581 1493 tria:
607 1443 637 1492 ut
666 1444 817 1502 persecutor
834 1440 963 1504 quiescat:

126 1531 198 1582 lade
226 1529 323 1593 popule
348 1539 424 1579 meras
450 1526 611 1578 abscondere
638 1527 768 1580 modicum
797 1527 880 1578 donec
906 1539 964 1591 per·

130 1620 253 1668 transeat
279 1613 426 1677 indignatio
451 1625 511 1666 mea
538 1613 565 1665 in
587 1615 753 1676 persecutore
771 1615 820 1676 (le.
834 1610 963 1676 26‚20.);

126 1707 157 1755 ot
182 1705 354 1766 praeceptum
381 1698 523 1752 ailomino
543 1710 611 1762 opus
629 1698 758 1762 perficiat:
788 1699 820 1751 ll.
841 1699 897 1750 cor.
919 1693 962 1760 11,

125 1786 169 1842 32,
190 1793 242 1842 etc.
264 1792 292 1838 et
309 1791 338 1838 ut
355 1785 533 1848 gloriosiorem
550 1798 673 1839 coronam
693 1787 823 1851 acquirat:
843 1787 906 1838 cum
925 1784 965 1836 iu·

126 1875 295 1938 geretllarld
314 1887 329 1925 a
348 1874 417 1927 facie
437 1874 510 1936 Saul,
530 1873 698 1926 absconditus
717 1876 758 1924 est
774 1874 801 1924 in
819 1873 888 1926 colle
906 1871 922 1924 i.
938 1883 962 1924 e.

127 1965 154 2015 iu
172 1962 297 2024 Domino,
326 1966 356 2012 ut
384 1971 432 2024 per
447 1959 547 2022 ‘inclyta
564 1970 645 2022 opera
662 1959 770 2022 gloriosi
789 1958 863 2022 regni
882 1959 907 2009 ei
924 1969 964 2010 re·

126 2051 211 2102 staret
228 2058 337 2100 corona.

197 2131 319 2186 secundo
345 2131 424 2183 discit
449 2131 534 2194 justus
558 2129 719 2183 abscondere
742 2124 964 2192 pulchritudinem

126 2221 295 2284 corporalem
303 2217 337 2270 ad
349 2220 463 2270 omniurn
472 2217 644 2280 inspectione,
656 2217 716 2282 quia
726 2216 841 2268 exterior
850 2213 965 2278 polemi-

125 2309 192 2361 tndo
210 2310 241 2358 et
256 2308 365 2358 ornatus
382 2305 472 2357 multis
488 2304 541 2357 luit
557 2289 661 2357 occasio
680 2315 765 2354 cases.
802 2303 885 2358 Decor
903 2313 965 2364 ergo

126 2394 277 2459 corporalis
305 2392 475 2445 absconditur
500 2404 548 2455 per
574 2390 679 2442 nalitus
702 2387 843 2441 vilitatem:
871 2389 966 2442 Mulier

128 2481 212 2532 debet
224 2477 322 2530 nabere
335 2479 456 2532 velamen
474 2489 554 2541 super
564 2481 644 2540 capul
661 2477 769 2540 propter
781 2478 888 2539 angelos
908 2477 925 2528 i.
938 2489 962 2530 e.

128 2568 216 2620 bonos
242 2567 263 2618 l.
285 2565 342 2617 cor.
362 2562 406 2627 11,
430 2561 486 2615 10.;
510 2577 558 2628 per
572 2564 751 2628 Jejunniorem
771 2563 963 2616 austeritatem:

126 2654 193 2707 llioi
205 2651 321 2704 mundus
339 2651 478 2705 crucifixus
495 2659 537 2704 est
554 2658 581 2704 et
597 2647 962 2714 egomundoldol.d‚14.t;
1024 2633 1039 2644 “

127 2745 156 2793 ct
172 2751 223 2804 per
240 2738 302 2790 boni
320 2739 407 2801 operis
425 2737 620 2792 assiduitatem:
644 2737 737 2801 jugum
761 2743 789 2789 et
806 2739 889 2792 lorum
907 2749 965 2790 crar-

127 2832 193 2882 aant
210 2826 308 2879 collum
320 2825 415 2878 durum
432 2830 458 2878 et
476 2837 580 2878 serrum
594 2825 723 2880 inclinant
740 2827 906 2890 operationes
924 2837 965 2875 aa·

127 2915 230 2967 siduae.
244 2913 334 2972 (dccl.
347 2909 459 2980 27,33.)
496 2913 540 2964 Sol
559 2911 668 2966 edoctus
691 2913 791 2966 ardoris
818 2911 835 2962 i.
857 2921 880 2960 e.
899 2919 965 2970 opus

127 3001 236 3064 amoris,
257 3001 375 3053 christus
392 2999 501 3053 termam
518 2998 589 3052 servi
608 2999 717 3062 accepit,
746 2997 775 3048 ln
793 3008 844 3061 qua
861 2995 965 3046 claritu-

128 3092 182 3141 tetu
202 3084 351 3139 divinitatis
367 3084 512 3136 abscondit.

200 3173 289 3226 Tertio
300 3171 381 3224 discit
388 3170 474 3234 iustus
487 3169 655 3222 abscondere.
666 3169 790 3222 uirtutum
803 3169 831 3218 et
841 3167 966 3218 donorum
