2384 3759
533 405 570 461 59

125 544 291 607 inteneetts:
315 544 374 597 tam
397 544 420 596 si
438 545 522 607 matie
538 547 724 611 repmnrttiata
740 548 864 614 redierit,
889 552 976 604 mutto

126 629 247 693 amplius
263 631 327 681 tune
350 629 513 693 timendum,
537 642 572 683 ne
590 632 659 683 rorte
676 631 811 697 contingat
828 636 974 689 reuiuisnaa

126 715 194 779 uati,
210 716 291 779 iusta
311 714 379 767 itini
397 714 426 767 in
442 715 601 780 Evangelio:
626 716 692 769 sese
714 729 794 769 sanus
816 720 903 775 fastus
926 734 972 781 est

127 802 207 864 vade,
229 803 259 853 et
275 800 391 865 amulius
405 799 461 864 'jam
479 802 535 855 nott
553 812 672 866 neceam,
692 814 727 855 ne
739 802 839 867 atiuuiai
858 806 975 859 steterim

128 887 177 939 ont
195 886 346 949 connum.
367 886 426 946 (so.
446 884 473 950 s,
494 882 551 948 14.)
633 934 639 943 ,
911 872 913 877 ’

199 972 241 1025 An
267 972 340 1023 istem
374 972 499 1025 inuueene
532 984 580 1027 nos
606 974 685 1027 tenet
711 973 870 1027 miserabilis
897 986 975 1029 casus

129 1059 300 1123 angelornm,
320 1057 354 1109 de
371 1069 423 1122 ouo
439 1057 489 1111 tot)
506 1059 557 1111 ait:
576 1060 651 1121 itone,
671 1060 716 1124 oui
727 1061 848 1114 serviunt
865 1062 899 1124 ei,
921 1074 975 1115 nou

129 1147 193 1196 snut
222 1142 351 1206 stabiles,
379 1148 408 1195 et
434 1143 462 1195 in
488 1144 589 1208 augetis
616 1144 670 1197 suia
688 1146 787 1211 renent
803 1146 973 1211 pravitatem.

129 1232 236 1293 Quanto
255 1228 340 1292 mauis
358 1228 387 1290 u,
408 1230 453 1293 uni
471 1230 593 1283 natitant
610 1230 700 1284 domos
722 1234 839 1302 tutans,¹
854 1235 899 1299 oui
918 1238 973 1287 tea·

127 1328 225 1369 renum
258 1315 359 1367 natent
388 1314 606 1380 tundamentum,
638 1324 825 1372 consumentur
853 1320 927 1373 vetut
955 1332 973 1371 ι

128 1403 213 1453 tinea.
235 1399 313 1460 (lot.
331 1398 360 1464 4,
380 1396 422 1453 18.
442 1398 501 1462 19.)
519 1403 583 1455 item
601 1413 676 1455 easus
688 1407 838 1457 sanctorum
856 1379 973 1459 urorum

129 1488 163 1539 au
182 1487 264 1539 initio
281 1486 385 1539 nunni:
412 1486 483 1541 sieut
499 1488 550 1541 init
566 1487 666 1551 Adam,
690 1489 815 1554 samson,
835 1491 973 1553 salomon,

127 1578 157 1627 et
182 1584 279 1625 omues
303 1574 430 1637 Anostoti.
475 1575 507 1627 iit
533 1574 603 1637 nen,
632 1574 710 1627 hodie
737 1576 786 1629 viri
813 1574 972 1629 sanctissimi

129 1665 346 1724 prosternuntur,
362 1659 439 1723 Juxta
457 1660 536 1713 iltuit:
557 1660 690 1713 cadente
712 1662 796 1714 latere
820 1662 974 1723 momine,
1018 1713 1022 1720 ,

129 1745 171 1807 (ut
189 1750 246 1798 est:
266 1744 312 1809 uni
329 1744 423 1797 sedere
439 1745 566 1798 deberent
590 1747 624 1798 uu
651 1747 721 1799 latus
742 1746 841 1800 tudinis
859 1747 886 1798 in
903 1745 974 1807 justi·

128 1833 184 1894 eio)
204 1835 233 1883 et
252 1830 344 1883 decenn
360 1831 448 1883 mitiis
466 1844 482 1883 a
500 1831 600 1890 dextris
618 1832 684 1895 tuis,
708 1832 750 1892 (to
768 1834 824 1893 est,
853 1830 899 1893 qni
927 1829 973 1881 de-

128 1919 227 1971 terent
244 1916 327 1969 lotari
345 1913 378 1968 ad
396 1916 532 1969 dexterum
551 1914 667 1979 cunuti).
688 1916 746 1977 (Po.
767 1911 811 1977 90,
832 1911 873 1977 i.)
899 1915 974 1968 Unde

127 2004 195 2058 uicit
208 2003 318 2057 stossu:
338 2003 404 2053 sunt
421 2002 506 2065 multi,
526 2002 571 2066 oui
589 2005 684 2065 putant
702 2013 730 2053 se
746 1999 923 2064 iudicaturos3
945 2005 974 2053 et
1072 2029 1077 2038 ·

127 2094 194 2144 sunt
210 2088 297 2141 mutto
315 2088 417 2151 piures,
437 2088 482 2152 qui
500 2090 595 2152 putant
611 2100 640 2140 se
652 2086 819 2140 collocandos
837 2100 852 2141 a
871 2086 974 2141 dextris

127 2174 381 2237 interminantes,
410 2174 457 2226 seu
474 2174 655 2240 (tetimonium
685 2174 747 2239 quin
766 2173 799 2225 de
816 2184 845 2225 se
863 2184 973 2237 praesu·

127 2264 217 2324 munt,
239 2271 291 2312 non
309 2260 435 2312 habentes
455 2260 482 2312 tn
501 2261 555 2313 alto
574 2260 689 2314 radicem
702 2258 824 2323 defluam,
845 2258 973 2312 decidunt

127 2362 146 2401 u
165 2344 373 2411 cogitationibus
390 2345 455 2398 suls.

202 2430 242 2485 Ad
260 2432 329 2485 idem
347 2432 536 2485 induceremus
555 2432 652 2485 tenent
674 2432 796 2495 exempla
814 2432 972 2485 Sanctorum

129 2522 216 2573 iieum
234 2518 390 2585 timentium,
406 2519 475 2572 siout
490 2518 539 2572 tou
556 2518 590 2570 de
607 2530 636 2569 se
654 2516 730 2570 dicit:
750 2516 828 2579 onesi
840 2519 972 2569 tumentes

128 2617 212 2669 super
229 2616 272 2657 me
289 2605 384 2659 numus
401 2605 477 2659 timui
494 2607 584 2657 iteum.
605 2604 680 2665 (lot.
700 2599 744 2667 31,
764 2600 824 2665 2³.)
844 2603 877 2655 nt
893 2614 974 2669 super

130 2691 201 2744 iiiual
218 2691 281 2744 tois:
308 2692 338 2744 in
364 2691 521 2755 promotum
548 2690 680 2743 internum
705 2687 867 2743 descendent
883 2689 974 2741 omnia

131 2789 206 2841 mea,
226 2774 301 2838 (Iob.
323 2775 370 2841 17,
396 2774 456 2838 16.)
475 2776 540 2829 dicit
558 2776 666 2829 Glossa:
697 2776 823 2838 Pensate,
846 2776 905 2840 onis
923 2786 973 2827 no·

130 2867 217 2918 strum
234 2874 342 2917 securus
358 2864 394 2915 sit
410 2862 444 2915 tte
461 2862 565 2927 requie,
588 2872 648 2914 oum
665 2860 699 2913 ue
716 2861 763 2915 iiia
780 2859 896 2924 trepidat
913 2860 971 2921 itte,

130 2960 211 3015 ouem
226 2948 310 3011 iudex
326 2949 426 3001 iaudat.
455 2949 484 3001 1).
499 2948 671 3009 Hieronymus
682 2946 716 2999 de
734 2958 763 2999 ae
781 2947 840 3009 insu
858 2944 974 3007 loquens

130 3034 183 3087 ait:
212 3034 318 3097 onoues
336 3034 406 3086 diem
421 3033 514 3097 inuicti
533 3033 636 3097 sumto,
663 3035 719 3085 toto
741 3041 848 3093 oornore
867 3032 974 3081 contre·

130 3121 223 3176 misto.
242 3120 309 3183 outo
327 3121 408 3185 igitur
424 3132 473 3174 nos
491 3119 581 3172 miseri
599 3116 683 3171 saturi
700 3127 803 3176 snmus,
832 3112 880 3163 uni
901 3111 971 3162 tanti

132 3210 183 3263 uiri
201 3208 351 3273 trepidanti
