2384 3759
531 349 583 404 221

139 492 244 556 aalma,
263 492 370 545 numine
395 490 591 553 leunculum,
621 489 648 542 in
675 493 753 544 eorde
780 505 838 546 mea
862 493 972 547 vulnera

140 584 184 632 tua
201 578 319 642 pretiosa
335 575 464 640 sanguiue
482 580 536 642 tuo,
556 582 588 630 ut
603 579 690 642 legam
709 579 736 630 in
754 578 792 631 els
808 581 882 632 tuum
900 580 972 632 lula-

138 677 194 718 rem
222 665 255 716 aa
282 657 466 716 sustinendum
487 675 534 727 pru
560 668 587 717 ta
614 675 718 718 amnem
736 664 865 728 dolorem,
897 670 972 719 tuum

138 762 256 804 amorem
274 749 308 801 aa
325 750 544 803 contemnendum
562 761 609 815 pru
627 754 653 803 te
664 762 768 804 omnem
780 763 889 815 pravum
901 763 972 804 amo·

137 848 208 900 rem;
229 835 291 901 auia
308 835 348 887 sia
364 837 484 899 apparat,
512 836 581 900 qual
599 837 706 901 sanguis
724 836 819 890 curisti
838 837 872 889 al
890 837 973 890 instar

139 933 224 988 aquae
242 923 333 973 cantra
350 921 419 973 male
437 919 544 974 incensa
561 922 589 974 ln
608 923 684 975 nobis
702 925 781 977 valet.

209 1009 245 1061 lle
263 1008 340 1060 tertio
358 1007 453 1060 ellectu
470 1007 512 1060 lll.
527 1009 588 1072 lies.
603 1006 646 1071 19,
661 1005 703 1062 6.:
731 1011 800 1064 Elias
817 1009 930 1063 camelli
946 1014 973 1062 et

139 1093 206 1146 uiuit
227 1103 322 1158 aquam
339 1096 367 1146 et
392 1093 544 1148 ambulavit.
581 1096 659 1148 lutus
677 1097 765 1150 album
795 1097 828 1149 ad
855 1096 973 1149 membra

138 1181 213 1233 veluit
230 1179 311 1232 etad
328 1180 443 1233 eundum
461 1179 518 1233 siue
536 1181 697 1245 operandum
719 1183 800 1236 veluit
835 1182 878 1236 sie
896 1183 973 1246 uatus

138 1265 275 1329 sauguinis
287 1265 382 1318 christl
399 1266 495 1330 allum
514 1267 686 1334 ueruumllei
706 1270 763 1324 sive
781 1273 922 1334 praecepta
939 1269 973 1322 ati

139 1352 221 1405 cauda
238 1352 332 1417 defert,
360 1357 390 1406 at
411 1353 481 1406 uires
491 1354 602 1407 animae
620 1358 647 1406 et
663 1354 780 1408 membra
797 1355 914 1420 autumaris
930 1365 972 1408 se·

138 1439 254 1492 cundum
271 1439 338 1492 illud
355 1439 446 1492 uiuant
463 1443 491 1493 et
506 1445 632 1505 regantur
649 1445 677 1494 et
692 1443 761 1496 bene
778 1445 925 1506 operentur.

210 1525 329 1578 seeundo
347 1528 434 1589 potest
458 1527 620 1579 considerari
645 1527 751 1590 sanguis
768 1529 864 1581 christi
885 1529 915 1580 ut
932 1529 971 1582 vi-

139 1623 204 1664 num
230 1612 366 1676 spirituale
393 1615 422 1665 et
445 1612 589 1665 secuudum
618 1613 666 1664 hae
683 1613 765 1664 habet
781 1617 834 1664 tres
853 1612 970 1676 euectus,

138 1699 201 1765 quia
220 1700 301 1763 lauat,
321 1699 452 1763 ealefacit,
481 1697 616 1751 laetificat.
653 1697 736 1751 lauat
760 1699 850 1751 sordes
868 1699 969 1760 eulpae,

140 1785 264 1838 ealefacit
288 1785 367 1838 aetla
385 1785 503 1848 caritate,
532 1785 658 1838 laetificat
674 1783 803 1846 spirituali
821 1781 968 1835 dulcedine.

139 1900 173 1909 -
191 1873 228 1924 lle
245 1871 329 1934 primu
349 1867 543 1933 Geu.49‚10.:
572 1873 631 1934 lpse
658 1869 707 1922 erit
729 1869 891 1933 exspectatio
908 1879 971 1932 geu·

139 1961 206 2013 tium
233 1963 261 2011 et
286 1958 385 2011 lavabit
410 1957 438 2009 iu
456 1957 517 2009 vinu
534 1959 630 2010 atulam
647 1969 722 2010 suam
750 1959 778 2008 et
799 1954 972 2018 insanguine

138 2058 208 2099 uuae
235 2030 358 2110 pallium‘
370 2056 448 2098 suum
474 2044 492 2096 i.
512 2056 535 2097 e.
565 2043 670 2096 ildelem
697 2042 820 2094 animam.
857 2043 877 2094 l.
897 2040 970 2093 tuan.

138 2130 165 2197 1,
179 2129 221 2183 a:
250 2131 363 2196 sanguis
379 2132 441 2184 lesu
459 2130 554 2184 curisti
580 2125 629 2181 lilii
652 2129 699 2180 Dei
723 2126 848 2180 emundat
873 2137 921 2178 nus
939 2126 972 2178 ab

139 2215 217 2274 amni
229 2222 347 2282 peceato.
384 2213 592 2284 Auuc.22,14.:
620 2215 703 2278 Beati,
721 2215 764 2277 uui
783 2213 874 2264 lauant
890 2211 972 2263 stolas

137 2318 200 2358 suas
211 2305 238 2356 in
247 2304 376 2366 sauguine
385 2304 456 2369 agni,
470 2303 666 2366 utsltpatestas
676 2300 800 2352 eorumin
810 2299 881 2362 liguo
892 2297 971 2350 vitae.

138 2419 172 2428 -
191 2391 229 2443 lle
247 2389 361 2439 seeuulu
379 2385 583 2454 ueut.32,14.:
609 2386 748 2441 constituit
765 2398 834 2450 eum,
854 2389 885 2438 ut
901 2395 971 2437 aum·

138 2477 230 2530 ederet
256 2473 399 2526 medullam
425 2474 506 2528 tritici
523 2473 542 2525 i.
563 2485 587 2526 e.
609 2474 686 2526 tlulce
712 2483 806 2536 eamus
824 2471 919 2526 christi
945 2475 972 2524 et

137 2561 294 2626 sanguinem
312 2571 380 2613 uuae
398 2559 500 2612 biberet
516 2559 736 2623 meracissimum
755 2559 813 2611 ie.
832 2569 926 2624 purum
944 2560 972 2610 et

138 2649 276 2712 callidum,
303 2659 397 2712 purum
417 2647 449 2700 ad
468 2648 600 2700 maculam
618 2645 771 2712 iniquitatis,
800 2647 925 2700 callidum
943 2644 971 2696 iu

139 2736 244 2804 ellectu.
264 2761 298 2772 -
316 2735 352 2787 lle
370 2735 448 2788 tertio
464 2730 654 2796 es.103,15.:
673 2733 766 2787 Vinum
785 2732 910 2788 laetificat
927 2742 971 2784 eor

138 2822 261 2877 huminis.
299 2822 367 2875 llael.
386 2817 430 2886 31,
452 2817 512 2874 36.;
541 2819 675 2874 llxultatlu
701 2822 805 2874 animae
832 2824 859 2874 et
885 2817 971 2873 aurula

138 2908 230 2963 vinum
255 2909 391 2962 moderata
420 2913 538 2973 putatum
564 2909 583 2960 l.
604 2919 627 2960 e.
654 2908 761 2973 sauguls
789 2906 885 2962 christi
911 2919 970 2960 aum

138 3007 262 3050 mensum
279 2995 349 3049 ndei.

210 3083 296 3135 lertio
314 3088 400 3148 puteat
416 3083 575 3138 considerari
601 3083 709 3146 sanguis
727 3080 821 3134 curisti
839 3083 869 3132 ut
885 3092 970 3134 saara·

137 3169 258 3222 sanetum
277 3170 428 3232 mysterium
446 3169 574 3224 eeclealae
600 3168 618 3221 i.
639 3179 664 3222 e.
687 3169 717 3218 ut
733 3177 776 3218 res
793 3175 868 3218 sacra
885 3169 912 3218 et
928 3177 970 3217 se·
