2384 3759
618 329 637 384 l

212 473 386 538 teliipeudum
416 474 457 524 eat
485 470 518 522 de
543 471 613 523 rotis
638 468 807 534 spontaneis,
837 481 905 534 puae
922 471 1047 536 obligant
1097 460 1098 467 '

211 559 358 625 aepualiter
374 569 433 610 curn
452 555 606 621 praeceptis.
643 554 829 609 Testimonium
854 557 978 619 perhibet
994 560 1044 612 ltu·

209 645 282 698 mino
306 645 334 698 1).
356 643 512 708 Gregorius,
541 641 644 694 diceus:
676 639 714 693 ld
740 641 928 706 vosmetipsos,
946 643 1045 696 iratres

210 731 367 792 charissimi,
389 731 517 782 introrsus
534 727 633 782 redite:
652 725 775 779 silicum
793 738 856 780 uere
872 729 977 788 matis,
997 742 1044 782 ex·

210 818 312 885 nuilite.
345 817 397 871 Nec
420 820 507 869 tamen
526 813 577 865 silli
596 811 816 876 arianismum,
848 813 973 880 quidquid
992 815 1043 867 sibi

209 905 312 958 animus
322 903 379 956 siue
388 901 475 966 operis
484 897 651 955 attestatione
662 898 832 962 responderit
852 901 888 953 lie
900 900 1043 953 dilectione
1098 956 1099 967 χ

209 990 355 1045 conditoris
374 989 474 1050 lingua,
494 997 568 1037 meus
587 989 615 1036 et
631 985 685 1036 vita
701 984 875 1049 requirantur.
903 986 1042 1050 Nunquam

208 1083 250 1134 est
265 1077 312 1130 liei
331 1085 403 1126 amor
420 1073 528 1126 otiosus.
561 1071 688 1134 operatur
705 1071 803 1124 etenim
819 1083 925 1135 magna,
945 1073 968 1126 si
987 1077 1041 1138 est3

207 1162 231 1216 sl
260 1173 324 1214 vero
351 1157 455 1222 operari
472 1156 577 1220 renuit,
607 1168 681 1209 amor
697 1169 750 1210 nou
768 1159 817 1209 est
853 1158 925 1210 liaeo
952 1163 1043 1212 autem

208 1257 319 1311 operum
338 1243 468 1305 executio,
498 1248 525 1294 et
542 1243 723 1296 mandatorum
742 1244 892 1296 observrtlo
909 1244 1042 1306 purideari

208 1332 307 1386 dehent
332 1341 366 1382 ex
392 1328 552 1382 intentione:
579 1339 615 1382 ne
636 1330 679 1382 uel
698 1329 792 1382 timore
808 1329 923 1382 alicuius
939 1342 1043 1394 poenae

206 1418 281 1479 iiiut,
301 1417 344 1470 uel
363 1425 451 1468 amore
470 1411 579 1476 praemii
597 1412 793 1477 compleantur,
820 1417 889 1467 teste
905 1415 933 1468 1).
953 1417 1043 1479 Ann-

206 1505 292 1558 stiuo:
319 1503 400 1554 Deum
419 1499 523 1563 diligit,
554 1498 599 1563 pul
621 1510 675 1551 nou
693 1498 753 1550 ideo
771 1499 898 1561 imperata
914 1501 1041 1563 custodit,
1099 1530 1100 1573 ,

206 1589 270 1654 puia
298 1587 341 1641 rel
370 1585 551 1652 magnitudine
575 1597 695 1650 poenae,
726 1585 769 1638 vel
787 1585 917 1638 aviditate
930 1588 1042 1650 praemii

206 1675 387 1738 compellitur:
415 1672 462 1726 sed
481 1671 559 1736 puta,
580 1672 648 1736 ‘duod
663 1670 789 1738 iuuetur,
812 1671 938 1735 optimum
955 1677 999 1726 est
1014 1679 1043 1726 et

207 1764 356 1818 honestum.

277 1849 343 1900 suut
370 1849 397 1898 et
425 1845 478 1897 elia
504 1845 556 1898 duo
584 1845 660 1910 signa
677 1843 830 1897 verissimae
846 1842 985 1897 charitatis
1002 1844 1036 1897 ad

205 1933 302 1986 lienum
322 1931 432 1994 scilicet,
451 1943 510 1986 cum
530 1934 605 1984 dumo
623 1930 821 1994 congratulatur
839 1929 891 1981 ileu
910 1928 938 1982 iu
956 1931 1041 1982 omui·

205 2017 264 2080 bus,
284 2018 550 2082 conduplicent,
571 2029 585 2068 a
605 2028 761 2080 puocuupue
779 2015 894 2078 domiue,
922 2027 1036 2078 puucuu-

205 2113 256 2167 pue
273 2105 391 2164 tempore
409 2106 437 2153 et
454 2102 518 2154 irora
535 2105 563 2152 et
574 2111 728 2166 quocunque
746 2102 803 2154 loco
814 2099 886 2152 dunt.
907 2101 1040 2154 Naturalis

204 2186 275 2237 euim
303 2195 376 2236 amor
401 2184 468 2236 nillil
488 2184 574 2236 laudis
593 2196 609 2236 a
627 2184 680 2236 lieo
699 2189 826 2236 meretur:
856 2185 917 2251 quia
935 2199 1040 2251 semper

204 2282 234 2325 sc
260 2281 342 2332 super
367 2269 481 2332 seipsum
508 2271 637 2332 reflectit,
666 2275 694 2323 et
722 2271 855 2335 proprium
872 2274 1037 2326 commodum

203 2365 280 2408 suum
299 2354 413 2418 nuceria
432 2355 478 2408 sed
497 2356 580 2408 solum
599 2357 746 2422 gratuitus,
769 2357 813 2421 qul
832 2369 937 2421 semper
954 2360 1039 2412 tendit

203 2441 232 2496 lu
259 2440 380 2494 aiterum.
417 2442 565 2496 secuudum
592 2443 695 2508 siguum
723 2447 775 2496 est:
803 2455 862 2496 curn
880 2444 958 2496 homo
976 2457 1038 2499 cou-

204 2526 323 2582 tristatur
340 2526 392 2580 lieo
410 2525 437 2580 in
454 2529 584 2594 omnibus,
604 2542 672 2594 puae
689 2530 743 2582 sibi
760 2529 916 2596 displicent,
938 2543 953 2584 a
972 2544 1038 2597 puo-

203 2621 307 2675 cunque
325 2612 447 2674 dominc,
467 2625 621 2678 quocunque
640 2620 757 2679 tempore
773 2620 801 2670 et
818 2617 899 2678 liora,
928 2620 956 2668 et
974 2629 1039 2683 puo-

203 2709 308 2762 cuupue
326 2699 382 2750 loco
401 2698 471 2752 dani.

380 2854 423 2908 Bc
440 2853 584 2909 ctoritate
602 2868 671 2921 erpo
687 2859 862 2920 pronomem.

273 2954 297 3010 1.
317 2956 382 3011 Vera
400 2958 513 3012 charitas
532 2959 565 3012 ad
581 2961 731 3023 proximum
748 2965 797 3024 est,
819 2951 928 3025 diligere
948 2966 1037 3025 proni·

201 3054 274 3096 urum
293 3043 362 3098 sicut
379 3044 503 3108 seipsum,
523 3047 635 3099 amicum
653 3051 680 3100 et
698 3046 847 3111 inimicum
865 3049 1037 3112 quemadmo·

202 3129 264 3184 dum
295 3129 359 3182 dloit
388 3130 415 3182 1).
445 3131 616 3205 Augustinus:
646 3131 794 3185 Proximum
825 3131 938 3196 diligere
968 3134 1039 3189 sicut
