2384 3759
544 361 579 418 bb

137 505 255 558 virtute:
276 505 302 554 et
320 514 370 566 eun
388 513 440 556 non
459 501 591 556 iudrmorl
614 502 641 554 id
660 505 709 566 est,
728 516 781 557 uon
799 503 928 558 condoleo
945 500 981 559 de

138 601 189 651 eo,
219 589 291 640 sicot
316 589 350 640 de
376 599 418 640 me
445 587 518 652 ipsos
544 587 606 651 ouis
622 588 819 643 scandalizatur
840 590 873 643 de
890 591 980 656 aliona

137 675 280 728 molestia:
300 675 329 726 et
346 684 395 737 ego
412 685 466 727 non
483 683 554 737 uror,
574 673 635 736 igne
653 675 856 738 compassionis?

210 761 251 812 Ad
268 760 402 824 proximos
420 763 517 824 autem,
536 759 579 824 qui
598 763 661 812 sunt
678 759 706 811 in
724 762 889 824 purgatorio,
916 773 979 816 uera

137 847 289 910 compassio
307 849 356 910 est,
376 847 545 898 venementer
562 844 645 908 artigi
661 857 711 910 pro
724 845 866 898 acerbitate
882 857 980 910 poena·

138 944 209 993 rum,
230 943 296 994 quas
313 931 459 983 sustinent:
484 933 511 982 et
528 929 684 994 praecipue,
708 931 811 996 quoda
834 930 936 984 visione
953 918 982 984 et

138 1017 269 1071 multione
287 1017 332 1068 liei
351 1016 455 1068 interim
473 1021 641 1078 separantur:
665 1021 692 1069 et
714 1018 782 1070 bens
800 1017 906 1069 interim
923 1018 981 1081 pie·

139 1103 214 1157 narie
234 1103 267 1155 ab
287 1103 350 1166 ipsis
368 1113 421 1154 uon
438 1101 579 1164 landatur,
611 1107 638 1154 et
663 1103 690 1154 in
717 1103 764 1155 iiia
789 1102 931 1156 aiilictiouc
953 1109 982 1156 et

139 1189 324 1253 compassione
343 1188 505 1240 incessanter
522 1190 550 1240 et
567 1187 691 1242 ardonico
702 1189 755 1241 ileo
771 1189 931 1254 supplicare,
950 1195 981 1242 ut

139 1287 187 1328 eos
205 1289 222 1326 a
242 1278 315 1326 tanta
339 1275 482 1326 acerbitate
510 1277 536 1325 et
559 1273 701 1336 asperitate
723 1274 847 1338 dignetur
868 1276 979 1339 eripere.

211 1359 238 1411 3.
258 1359 296 1412 nd
324 1372 412 1412 ueram
439 1361 647 1424 compassionem
673 1359 797 1414 iuducere
823 1373 872 1412 nos
901 1360 981 1412 debet

141 1429 370 1520 abffldaniissima
388 1446 483 1498 christi
501 1445 649 1508 compassio
667 1445 700 1497 ud
718 1459 779 1509 nos,
799 1447 844 1511 qui
862 1450 929 1499 teste
946 1447 978 1500 li.

139 1531 287 1594 Augustino
305 1531 342 1583 sic
360 1531 469 1584 festinat
486 1532 623 1584 absoluere
634 1538 797 1596 peccatorem
816 1545 832 1584 a
850 1534 979 1585 tornrento

140 1617 321 1670 conscientiae
330 1629 402 1682 suae,
413 1618 486 1682 onesi
494 1618 977 1683 pioseumcrucietcompassioniseri

139 1715 219 1769 quam
231 1702 316 1765 ipsam
327 1703 471 1766 compassio
484 1705 533 1756 sui.
554 1705 698 1759 Necsoium
708 1716 858 1767 compassus
867 1707 916 1765 est,
927 1689 981 1755 imo

140 1801 205 1843 vero
225 1788 365 1850 languores
377 1792 478 1840 nostros
490 1787 545 1852 ipse
558 1790 628 1851 iniit,
649 1793 677 1841 et
688 1789 792 1841 dolores
803 1789 906 1838 nostros
924 1786 982 1849 ipse

140 1873 269 1939 portavit.
284 1874 362 1934 (loci
370 1869 413 1937 53,
422 1870 462 1936 4.)
481 1875 534 1926 liae
546 1873 616 1926 idem
624 1875 801 1926 membrorum
814 1875 909 1922 natura
921 1881 981 1922 sna·

140 1961 196 2024 dei,
212 1961 280 2011 teste
290 1959 425 2021 apostolo:
438 1957 465 2010 Si
478 1959 539 2022 ooid
550 1960 648 2022 patitur
657 1969 737 2010 unum
747 1956 901 2016 membrum,
912 1965 982 2008 com·

140 2044 280 2110 patiuntur
292 2043 380 2096 omnia
392 2041 516 2096 membra.
537 2045 572 2104 (i.
590 2046 653 2098 Cor.
668 2040 712 2104 12,
726 2039 786 2104 26.)
804 2045 870 2095 ltem
882 2041 982 2104 duplex

141 2135 183 2184 est
199 2129 303 2182 utilitas
321 2128 518 2193 compassionis,
538 2141 607 2194 quae
625 2129 705 2181 eiiam
718 2139 766 2181 nos
778 2127 885 2180 allicere
903 2126 983 2180 debet

141 2215 175 2269 ad
203 2214 424 2279 compassionem:
452 2213 554 2267 scilicet
580 2214 716 2268 claudatis
743 2213 925 2278 confirmatio,
953 2219 981 2266 et

142 2302 240 2356 curisti
260 2301 435 2363 conregnabo.
470 2301 506 2352 lie
524 2299 609 2362 prima
626 2299 722 2352 dicitur
739 2299 767 2351 in
784 2299 983 2352 Ecclesiastico:

141 2388 199 2442 lion
218 2386 290 2438 desis
308 2385 471 2450 plorantibus
489 2385 516 2436 iu
535 2386 728 2438 consolatione:
748 2390 775 2438 et
786 2397 846 2437 cnm
864 2386 978 2461 iugenti-

141 2475 193 2528 bus
212 2471 328 2524 amboia.
365 2471 421 2524 Non
439 2473 466 2521 ie
483 2471 574 2534 pigeat
591 2470 699 2523 visitare
720 2469 864 2533 intirmumt
892 2483 926 2524 ex
947 2471 981 2524 its

141 2558 213 2611 enim
234 2557 262 2607 in
280 2555 419 2608 dilectione
437 2554 590 2608 firmaberis.
609 2556 710 2617 (dccli.
730 2551 761 2619 7,
784 2552 833 2617 38,
852 2553 910 2619 39.)
945 2559 981 2612 be

141 2642 261 2696 secunda
278 2643 366 2695 antem
378 2641 442 2693 dicit
453 2642 605 2704 Apostolus:
623 2642 651 2694 si
664 2641 861 2704 sustinebimus,
881 2645 908 2695 et
918 2655 981 2696 con·

141 2727 324 2792 regnabimus·
360 2727 408 2788 (il.
431 2725 498 2779 lim.
518 2723 549 2788 2,
574 2723 633 2787 12.)
669 2727 734 2779 Rara
752 2732 792 2780 est
809 2729 893 2781 uirtus
910 2741 982 2782 com·

141 2813 292 2877 passionis,
321 2813 496 2876 conquerente
522 2811 644 2865 Domino:
669 2813 806 2877 sustinui,
833 2814 878 2878 oui
899 2815 981 2866 simui

141 2897 352 2961 contristaretur,
372 2899 399 2948 et
416 2909 469 2949 non
487 2897 552 2949 init:
572 2902 600 2950 et
616 2899 660 2962 qni
679 2899 867 2962 consolaretur,
888 2902 980 2951 cinon

140 2983 244 3038 iurem.
284 2983 343 3041 (Pa.
362 2979 406 3046 68,
425 2979 486 3044 21.)

130 3090 132 3098 ι
212 3065 241 3120 4.
261 3071 449 3132 argumentum
462 3079 541 3120 verae
553 3068 804 3131 compassionum,
824 3078 878 3116 nou
894 3065 981 3116 solum

140 3155 290 3210 condolere
308 3153 417 3216 amicis,
446 3165 536 3206 verum
564 3155 644 3206 eiiam
666 3149 870 3278 inimicisfflstc
885 3148 981 3209 iosepb
