2384 3759
210 487 321 542 latitas
337 487 455 549 moliar,
474 487 572 550 quanto
583 484 668 548 maala
685 483 784 548 potatis
801 483 933 538 deteriora
951 487 1046 540 mereri

210 574 350 638 supplicia,
379 576 426 638 oui
451 573 534 625 iillum
551 573 598 624 liet
624 571 815 624 conculcaverit
840 575 868 622 ει
889 574 1047 636 sanguinem

217 661 369 714 testamenti
386 661 514 724 pollutam
531 657 636 721 dixerit,
656 658 683 710 in
702 670 752 723 ano
769 657 946 710 sanctlllcalns
965 663 1049 713 estet

211 747 315 812 apirltnt
343 749 435 800 aancto
460 745 644 798 contumeliam
670 745 784 797 lecerit?
806 773 839 782 -
860 745 898 797 lte
923 747 1048 800 secantis

211 835 307 888 terem.
321 829 349 895 o,
362 829 404 884 ἃς
433 833 623 894 toleraverunt
645 831 726 884 lactes
752 844 814 884 snas
841 844 922 896 sopra
946 840 1047 899 petram

212 923 241 973 et
257 921 400 974 noluerant
415 918 522 981 reverti,
542 920 617 982 qnasi
634 918 745 971 diceret:
773 917 880 982 Quidam
898 921 1047 983 pertinaces

216 1009 245 1061 in
264 1019 313 1062 ana
336 1007 437 1060 malitia
465 1005 584 1058 tumores
613 1009 675 1057 soni
708 1005 787 1058 corole
816 1017 892 1070 quam
915 1011 993 1070 petra
1021 1013 1048 1062 ει

220 1095 352 1160 ouaeltloct
377 1107 441 1147 aare
469 1095 549 1156 lara,
577 1091 640 1158 outa
670 1091 702 1144 all
732 1093 870 1144 clamorem
901 1095 1046 1148 christiin

213 1193 291 1235 cruce
309 1182 404 1246 eteius
416 1179 552 1246 sanguinis
569 1177 695 1232 elusione
712 1181 782 1230 terra
800 1177 907 1230 tremuit
918 1183 947 1232 et
957 1184 1046 1243 petrae

211 1269 312 1321 actaeae
329 1274 406 1331 aont3
433 1267 480 1319 aeri
506 1267 551 1318 isti
576 1277 627 1318 nec
644 1264 676 1316 acl
698 1264 842 1318 terribilem
860 1277 952 1319 vocem
969 1278 1045 1332 prae·

213 1353 352 1406 altcatlonlo
378 1365 429 1406 nec
456 1352 489 1404 ao
517 1354 641 1406 virtutem
667 1352 802 1416 sanguinis
820 1352 914 1406 claristi
939 1356 1045 1418 possunt

213 1439 326 1493 emolllrl
353 1442 381 1492 ει
406 1452 422 1492 a
451 1451 499 1491 sua
525 1441 656 1503 pravitate
674 1438 800 1491 converti.
837 1439 874 1490 lte
890 1440 978 1492 tertiis
994 1441 1042 1493 ier.
1112 1461 1113 1464 ¹

215 1523 259 1589 la,
274 1521 335 1577 13.:
362 1525 423 1578 Vae.
445 1525 489 1591 qui
508 1525 631 1578 aedilicat
648 1525 752 1577 donnum
770 1535 843 1576 suam
862 1525 889 1576 in
906 1525 1043 1589 injustitia,

214 1612 260 1678 ool
278 1613 363 1676 aperit
380 1612 431 1665 allii
443 1613 572 1666 fenestrae
590 1613 618 1664 et
634 1610 698 1664 laett
709 1609 842 1676 laquearia
853 1611 969 1672 cellmua,
988 1612 1043 1676 pin·

213 1699 253 1766 git
280 1698 405 1763 synopide
423 1711 460 1751 sc.
489 1697 567 1750 rubro
591 1699 679 1750 colore
705 1697 722 1749 i.
743 1711 766 1750 e.
794 1699 921 1762 sanguine
939 1699 1044 1752 christi.

214 1785 315 1840 illone:
334 1786 381 1849 uni
395 1786 499 1838 tomum
519 1783 639 1838 aedillcat
650 1784 813 1836 materialem
831 1784 863 1836 ile
876 1785 942 1836 male
954 1785 1046 1849 aconi-

214 1871 281 1936 ritis,
303 1873 346 1926 tel
364 1876 439 1925 ornat
455 1872 587 1936 superflue
611 1871 646 1928 tle
663 1871 791 1934 sanguine
809 1871 912 1934 curisti,
931 1871 1047 1936 moriter

213 1960 316 2023 peccat.
352 1959 405 2011 sel
432 1959 515 2010 inulto
542 1957 666 2022 matins,
695 1958 738 2023 qni
761 1958 865 2010 domum
883 1957 1043 2022 spiritualem

160 2069 164 2073 ν
213 2045 231 2098 l.
246 2057 270 2097 e.
291 2045 419 2098 familiam
438 2056 557 2109 pravam,
577 2045 652 2108 qnasi
664 2047 751 2108 partes
763 2045 854 2097 domus
865 2047 896 2097 ut
907 2045 1043 2108 fenestras,

213 2141 261 2196 per
277 2143 342 2196 quaa
363 2131 483 2184 diabolus
501 2133 529 2183 et
545 2131 617 2184 tures
635 2132 743 2194 intrant,
770 2135 797 2184 ει
818 2131 953 2195 laquearia
972 2132 1042 2195 quasi

214 2218 322 2283 laoneoa
348 2218 448 2272 diaboli
474 2218 570 2282 injuste
596 2217 718 2271 aedificat
740 2220 767 2268 et
783 2218 869 2282 pingit
885 2217 902 2270 i.
924 2230 947 2270 ε.
969 2217 1044 2272 vestit

214 2305 258 2357 vel
276 2307 352 2358 ornat
368 2307 496 2370 sanguine
511 2306 615 2360 christi.
644 2305 691 2357 llic
710 2304 819 2357 dicitur:
839 2316 888 2358 vae
907 2306 924 2357 i.
943 2317 967 2357 e.
989 2316 1044 2369 gra·

214 2389 256 2443 olo
273 2391 417 2454 increpatio
435 2396 462 2444 et
479 2395 720 2456 aeternaexpoenae
737 2391 914 2444 comminatio.

284 2476 419 2529 secuntiae
436 2480 514 2540 potua
530 2477 666 2542 sanguinis
680 2477 774 2530 christi
792 2479 832 2530 est
848 2477 1043 2540 intellectualis,

214 2561 259 2626 qni
287 2573 303 2613 a
329 2564 426 2625 popolo
453 2565 594 2618 curisttano
611 2564 722 2618 sumitur
746 2565 795 2618 snio
813 2565 901 2628 specie
919 2566 995 2628 panis
1013 2564 1044 2616 tle

214 2649 272 2714 lpoo
299 2660 407 2712 corpore
425 2651 576 2704 saltatoris.
614 2651 679 2706 Nam
706 2651 774 2704 sicut
793 2651 842 2703 sula
864 2651 952 2714 specie
970 2649 1044 2714 panis

214 2732 361 2791 consecrati
380 2747 473 2799 corpas
491 2738 586 2791 curisti
605 2740 646 2790 est
661 2749 709 2802 per
727 2738 1045 2792 transsubstantiationem

214 2824 241 2875 ct
257 2823 364 2887 aanguta
390 2822 445 2887 etos
472 2835 520 2886 per
536 2824 726 2878 teneriorem:
754 2825 792 2876 sic
819 2824 866 2878 sub
885 2824 971 2888 specie
989 2822 1045 2876 vini

214 2908 358 2961 consecrati
376 2908 483 2972 sanguis
496 2908 590 2960 canati
609 2913 649 2962 est
665 2923 713 2975 per
730 2911 1046 2965 transsubstantiationem

213 2997 242 3046 et
257 3004 351 3058 corpna
378 2991 434 3056 etue
461 3003 508 3055 per
525 2995 708 3050 annexionem.
746 2999 819 3050 Uale
837 2997 907 3050 sicot
922 2997 1045 3050 sacerdos

213 3077 294 3130 annali
308 3077 462 3141 sanguinem
480 3077 575 3130 claristl
593 3083 819 3138 sacramentaliter
844 3084 877 3136 de
896 3083 988 3147 calice,
1009 3084 1045 3136 lta

128 3186 133 3194 ·
213 3160 299 3214 atella
316 3163 428 3228 populos
445 3163 526 3217 aumtt
545 3164 630 3227 ipsum
647 3168 869 3226 intellectualiter.
902 3171 949 3224 llio
968 3174 1044 3235 potos
