2384 3759
632 394 666 449 it

473 677 630 750 curun
651 679 822 747 xxvnr.
918 628 922 635 ⁴

529 817 578 873 lle
596 817 763 887 religione.

304 955 332 1013 1.
351 958 455 1022 Religio
480 969 561 1020 vera,
581 956 637 1010 slve
655 956 797 1021 spiritualis
815 956 887 1019 vita,
915 956 988 1010 sicut
1005 956 1069 1009 (licit

203 1068 206 1075 ·
229 1046 260 1097 u.
272 1046 406 1099 ¹tacoiius:
432 1043 543 1097 visitare
559 1042 675 1107 pupillos
694 1044 721 1095 et
738 1042 831 1097 ridutu
849 1042 876 1094 in
894 1042 1067 1096 tribulatione

230 1142 341 1193 eorum,
369 1132 397 1181 et
412 1129 607 1182 inmaculatum
634 1141 663 1182 se
681 1128 812 1182 custodire
826 1128 862 1181 aii
880 1130 931 1181 iioc
948 1130 1066 1182 sacculo.

230 1214 313 1279 (Iac.
331 1213 358 1278 1,
377 1210 438 1274 it.)
466 1216 516 1268 iiie
544 1215 742 1269 immaculatum
773 1227 801 1267 se
826 1214 939 1268 custodit
961 1214 997 1267 alt
1018 1216 1070 1268 luoc

229 1301 347 1362 noculo,
366 1300 411 1364 qni
422 1300 538 1354 moribus
555 1301 735 1354 saecularibus
752 1302 859 1355 omniun
876 1303 1023 1365 renuntiat,
1044 1304 1071 1355 et

229 1388 285 1437 taur
303 1385 439 1452 carnalia,
469 1399 546 1452 unam
571 1386 721 1452 spiritualia
737 1390 863 1451 peccata,
894 1385 921 1437 lo
940 1390 1070 1449 qnantum

228 1474 326 1537 potest
344 1470 453 1525 desim.

300 1555 327 1608 2.
346 1558 383 1611 uri
399 1569 489 1613 verani
507 1560 588 1613 ultani
608 1558 773 1624 spiritualem
791 1557 914 1610 inducere
927 1568 978 1609 nos
991 1556 1073 1609 (lebet

233 1643 350 1708 utilitas,
369 1643 403 1697 tia
420 1656 472 1709 uua
489 1646 617 1709 scriptura
635 1646 684 1699 alt:
717 1644 830 1708 spiritus
848 1646 905 1705 cst,
938 1640 985 1707 qul
1004 1642 1072 1694 vivi·

229 1729 310 1789 ucat,
332 1741 394 1784 caro
412 1742 465 1783 non
483 1730 591 1795 protlcst
608 1731 757 1796 quidquam.
776 1727 878 1792 (loon.
897 1725 923 1790 6,
943 1723 1004 1791 64.)
1041 1727 1072 1779 Et

228 1816 298 1869 ninii
315 1817 445 1881 Apostoll:
476 1815 522 1879 oui
550 1817 577 1869 in
605 1826 683 1869 earne
711 1818 789 1878 sunt,
820 1813 873 1867 lieo
890 1812 1000 1877 placere
1017 1822 1070 1865 nou

228 1906 348 1967 pessunt
368 1901 463 1967 (iiom.
480 1898 508 1963 8,
526 1899 568 1962 8.)

299 1990 375 2051 lteru,
393 1987 440 2052 pul
456 1987 515 2040 ruit
530 1996 594 2039 rere
611 1985 667 2039 ueri
685 1984 848 2049 spiritualis,
878 1982 958 2036 dubet
976 1983 1070 2047 ingere

230 2076 260 2125 ct
275 2074 350 2125 outre
367 2073 474 2125 carnale
491 2072 671 2125 commodum:
703 2074 753 2124 lroc
780 2074 836 2132 est,
867 2070 995 2123 detestari
1014 2081 1070 2123 car·

229 2159 304 2211 natta
321 2158 469 2220 uallem,
498 2169 566 2222 quac
593 2157 710 2210 militant
732 2155 1010 2219 circumtunsam,
1041 2156 1071 2207 ui

230 2243 298 2295 dieii
314 2244 415 2307 Pctms,
435 2242 473 2306 (1.
492 2243 566 2297 Patr.
585 2238 613 2304 2,
634 2239 690 2303 11.)
710 2246 737 2295 et
754 2244 879 2306 appetere
897 2241 1069 2305 asperitatem

231 2331 260 2380 ei
276 2329 383 2381 carnale
400 2328 602 2381 incommodum.
630 2328 683 2379 lloc
701 2325 771 2379 eninr
789 2329 927 2379 conseruat
944 2324 1068 2391 acuam,

230 2413 304 2467 sicut
330 2414 423 2478 spinae
440 2413 593 2467 custodiunt
615 2412 709 2465 nerias
728 2412 755 2463 in
774 2413 857 2465 horto.
887 2412 952 2466 ilum
985 2412 1068 2475 gratia

231 2499 321 2551 aiilnit
336 2510 385 2561 per
402 2510 440 2562 os,
459 2500 551 2552 oculos
568 2504 596 2551 et
614 2509 699 2551 auree
731 2498 763 2549 lit
781 2497 850 2551 sicut
867 2497 936 2563 iguis
955 2504 983 2550 ct
1001 2508 1069 2562 apua

230 2585 311 2636 simul
330 2596 458 2637 essenon
476 2588 594 2649 possunt,
613 2587 652 2637 ita
664 2594 714 2637 nec
733 2582 856 2647 carnaiis,
877 2594 927 2636 nec
944 2582 1070 2647 spiritua·

230 2670 265 2722 lts
281 2670 414 2732 voluptas,
434 2669 577 2721 secmuunr
594 2671 623 2721 ii.
643 2669 813 2722 Bernaruunr.

301 2757 367 2809 ltenr
396 2754 476 2807 tebet
504 2766 680 2821 cognoscere,
711 2754 779 2820 quod
806 2756 884 2808 homo
910 2754 978 2807 ntuli
1008 2754 1070 2807 boni

229 2844 370 2905 potestur
386 2852 425 2904 se,
444 2840 513 2894 sicut
529 2839 594 2893 uicit
611 2841 765 2904 Apostolus:
786 2841 841 2894 lion
854 2840 924 2906 quoti
936 2840 1071 2893 sullicien·

230 2932 273 2980 tes
301 2927 384 2979 sinms
414 2924 530 2989 cogitare
559 2926 659 2989 aliquid
679 2938 693 2977 a
711 2924 804 2989 uoltis,
836 2925 910 2989 qnasi
929 2936 964 2977 er
982 2924 1069 2984 nobis,

231 3012 278 3064 soti
307 3010 467 3065 sufficientia
493 3013 584 3062 nostra
612 3022 645 3062 ex
662 3010 715 3064 lieo
738 3014 784 3062 est.
826 3008 877 3075 (11.
899 3010 961 3063 Cor.
979 3006 1007 3073 3,
1028 3007 1070 3069 5.)

230 3098 286 3149 iloc
304 3099 390 3151 aufert
407 3098 637 3161 praesumtionem.
669 3098 700 3150 ut
718 3096 785 3160 quoti
809 3096 898 3149 omnia
915 3098 1004 3160 poicst
1023 3106 1072 3159 per

232 3181 372 3247 corutum,
392 3179 563 3246 peramplius
581 3182 770 3243 ctpcrieetius,
790 3192 869 3247 quunr
881 3182 1070 3245 perseipsum,
