2384 3759
609 389 660 448 188

217 540 314 592 catum.
329 519 398 601 (det.
412 527 503 596 lob).
536 535 602 588 lituo
619 533 751 597 Stepbauo
769 531 869 596 lapidos
889 532 980 584 dulces
999 531 1058 584 iue-

218 625 285 680 roni
296 625 324 676 et
340 620 430 675 multis
447 621 551 674 Sanctis
568 619 691 674 ardentes
708 630 827 682 prunae,
847 619 993 670 candentes
1012 629 1060 670 ue·

150 694 154 703 “
217 714 282 775 stes,
301 709 375 762 uisae
391 710 453 760 sunt
470 709 594 771 nuquam
612 715 686 758 rosae
713 717 807 757 suaves
824 704 948 756 etmulti
965 702 1058 756 sanati

219 796 336 862 gaudent
354 795 381 845 in
398 792 577 845 tribulatione.
609 791 646 845 Iic
664 789 756 844 tertio:
775 791 824 843 cor
841 789 963 854 gaudens
982 788 1058 842 cubi·

219 883 288 936 larat
305 879 409 933 taciem.
423 872 641 941 (Proa15,13.)

288 964 403 1019 Tertium
428 963 499 1018 circa
524 962 689 1026 spiritualem
715 960 946 1016 manducationem
962 963 1060 1013 notam

220 1053 282 1106 dum
295 1055 336 1104 eat
346 1051 455 1103 allectus
465 1049 544 1113 buius
554 1048 764 1102 manducationis
782 1051 810 1101 et
826 1047 868 1100 bic
886 1050 928 1098 est
944 1046 1057 1110 triplex:

219 1140 388 1204 peccatorum
412 1135 543 1198 remissio,
571 1135 605 1187 ab
630 1137 738 1188 aeterna
759 1135 843 1186 morte
860 1131 975 1195 sanatio,
995 1143 1058 1186 rara

221 1223 336 1288 corporis
354 1220 450 1274 curisti
466 1220 501 1272 ad
518 1221 633 1275 salutem
656 1223 790 1274 aeternam
807 1216 985 1282 participatio.
1022 1217 1059 1270 be

220 1306 454 1374 primatuum:
482 1305 529 1368 bui
555 1306 716 1360 manducant
741 1304 915 1370 spiritualiter
932 1303 1060 1356 virtutem

221 1395 308 1448 carnis
335 1394 363 1444 et
387 1391 523 1455 sanguinis
541 1393 650 1457 cbristi,
679 1392 800 1446 dicuutur
827 1402 932 1444 sumere
951 1393 979 1442 et
996 1401 1059 1444 uere

221 1479 390 1542 manducare,
410 1479 472 1542 quia
490 1478 709 1542 ipsam‘corporis
722 1478 817 1532 cbristi
830 1475 977 1530 efficaciam
996 1487 1060 1541 quo·

221 1565 288 1620 tidie
305 1564 485 1619 aumonius.
506 1568 673 1628 peccatorum
691 1564 880 1618 remissionem.
909 1563 946 1615 be
963 1573 1059 1614 secum

223 1653 273 1706 do:
292 1652 340 1704 llic
358 1654 399 1704 eat
415 1651 492 1714 panis
510 1649 544 1702 de
555 1651 629 1704 coelo
642 1651 817 1714 descendans3
836 1649 858 1702 si
876 1649 935 1713 quis
954 1660 990 1700 ex
1002 1647 1059 1712 ipso

221 1736 429 1799 manducaverit,
447 1746 499 1788 nou
517 1736 643 1789 morietur
659 1749 696 1790 sc.
713 1739 800 1790 morte
818 1740 936 1788 aeterna.
975 1737 1058 1798 aaa:

222 1828 312 1879 Patres
329 1823 412 1877 nostri
429 1823 540 1874 eandem
558 1833 646 1874 escam
657 1823 821 1886 spiritualem
833 1820 1061 1874 manducaverunt

224 1923 302 1977 quam
326 1913 354 1962 et
380 1921 441 1971 nos3
469 1909 634 1972 corporalem
662 1919 724 1960 vero
743 1909 851 1960 alteram
869 1907 887 1958 l.
906 1919 930 1958 e.
950 1917 1059 1967 manua,

225 1998 296 2063 quod
312 1995 478 2061 stmmcaoat
495 1993 625 2048 christum
644 1997 670 2046 et
688 1994 757 2046 idom
776 1992 942 2046 credentibus
961 1992 1059 2046 ederit.

225 2083 277 2138 lilii
293 2094 366 2145 uero,
385 2082 430 2147 qni
447 2093 500 2134 nou
518 2079 688 2134 crediderunt
714 2079 942 2133 manducaverunt
954 2082 983 2132 et
994 2091 1061 2132 mor-

224 2169 264 2222 tui
291 2173 353 2222 suot
379 2167 561 2230 aeternaliter,
590 2166 659 2231 quod
684 2177 736 2224 non
755 2168 854 2230 Moyses
876 2169 902 2218 et
925 2165 972 2218 alii
991 2165 1060 2218 boni.

225 2255 325 2320 dumet
360 2255 424 2317 Quia
442 2254 529 2306 eibum
552 2252 713 2306 invisibilem
731 2251 903 2318 spiritualiter
920 2251 1060 2304 intellexe-

225 2345 296 2405 runt,
315 2340 488 2405 spiritualiter
505 2340 661 2403 mariarum,
690 2338 862 2403 spiritualiter
880 2339 1059 2403 gustaverunt,

225 2432 256 2480 ut
281 2426 454 2491 spiritualiter
479 2430 637 2480 sanarentur
653 2437 690 2478 sc.
711 2427 745 2478 ab
763 2429 871 2478 aeterna
889 2427 985 2478 morte.
1023 2422 1060 2476 si·

225 2512 326 2565 militer
337 2516 364 2564 et
375 2523 424 2566 uos
434 2511 798 2576 spiritualitermauducando
811 2510 843 2564 ab
856 2515 967 2566 aeterna
979 2513 1060 2564 morta

226 2599 377 2652 liberamur.
415 2599 452 2652 bc
469 2601 547 2654 tortio
563 2610 643 2663 super
661 2598 729 2651 illud
747 2599 767 2652 l.
784 2593 972 2661 cor.10,ll.:
992 2595 1059 2648 linus

226 2684 303 2750 panis
329 2687 357 2736 et
381 2696 462 2738 uuum
491 2697 583 2750 corpus
603 2687 652 2738 etc.
673 2685 736 2736 dicit
753 2687 834 2748 liuga
862 2683 935 2738 Nulli
953 2682 1059 2736 dubium

227 2776 276 2835 est,
295 2775 358 2824 tuuc
376 2780 505 2837 quemque
522 2771 637 2836 corporis
655 2769 842 2834 sanguinisque
860 2769 986 2822 dominici
1004 2781 1059 2834 par·

226 2858 333 2922 ticipem
360 2857 427 2921 beri,
458 2858 562 2921 quando
584 2850 729 2910 membrum
748 2855 843 2910 christi
865 2855 994 2916 elicitur:
1014 2866 1058 2908 neo

228 2944 338 2996 alienari
366 2944 400 2996 ab
426 2943 497 2994 illius
514 2942 589 3005 panis
607 2945 753 3008 consortio,
784 2943 863 2996 etiam
881 2943 904 2996 si
922 2945 1057 3008 antequam

227 3040 323 3091 panem
341 3029 411 3090 edat,
431 3027 464 3078 do
481 3027 531 3078 boc
548 3029 656 3081 saeculo
674 3030 702 3082 iu
720 3031 823 3083 unitate
841 3028 957 3092 corporis
969 3024 1057 3082 cbristi

229 3113 386 3166 constitutus
413 3110 550 3170 abscedat:
579 3112 641 3175 qnia
668 3114 741 3168 iilius
759 3114 917 3168 sacramenti
936 3113 1058 3167 beneflcio

229 3209 282 3248 non
299 3198 428 3261 privatur,
447 3195 551 3260 quaudo
569 3195 615 3248 ille
633 3211 693 3252 cnm
705 3201 764 3266 boc,
784 3201 853 3266 quod
870 3204 1058 3256 sacramentum
