2384 3759
554 948 774 1007 EPHJOGUS.

322 1130 346 1182 1.
365 1128 510 1183 conotencr
527 1126 585 1191 tini,
604 1128 671 1180 Dens
689 1108 863 1191 sonctissime,
884 1139 942 1179 cnm
960 1126 1071 1179 omniins

251 1216 368 1270 lacrimis
399 1216 426 1266 et
456 1212 538 1277 guttis
567 1213 720 1277 sanguineis
758 1212 920 1266 dilectissimi
947 1212 1003 1266 Filii
1027 1212 1070 1273 ini,

251 1302 319 1369 qnod
338 1300 424 1352 odone
440 1311 492 1351 non
510 1298 619 1363 nemeni
637 1298 670 1353 od
689 1298 844 1363 principium
868 1299 977 1365 aiicujus
999 1300 1071 1351 virtu·

249 1389 293 1451 tis,
312 1388 342 1440 tn
359 1398 392 1438 en
408 1385 580 1449 porrectione,
597 1386 665 1437 sicot
684 1386 727 1437 iric
744 1384 870 1449 scriptum
888 1389 937 1437 est.
977 1384 1072 1437 Gaudeo

250 1478 357 1536 tomen,
368 1472 436 1537 qnod
449 1482 539 1524 omnes
551 1472 662 1523 virtutes
675 1472 815 1535 perfectius
827 1472 989 1533 habebimus,
1003 1481 1071 1535 quom

249 1562 379 1614 humanus
405 1560 496 1612 volent
521 1558 720 1622 apprehendere
747 1558 906 1609 intellectus.
954 1555 1072 1610 confiteor

250 1647 307 1711 tibi,
327 1644 446 1707 Domine,
465 1642 534 1708 quod
551 1642 645 1695 bertus
663 1647 703 1695 est
721 1643 747 1694 in
766 1643 909 1707 praesenti,
937 1647 964 1695 et
980 1644 1072 1695 beatior

250 1732 301 1786 erit
317 1732 344 1785 in
361 1732 460 1792 tuturo,
479 1730 523 1794 qui
542 1731 588 1781 iios
607 1729 718 1781 virtotes
736 1728 816 1781 habet
827 1728 855 1780 in
868 1741 898 1781 eo
911 1728 1069 1793 perfectione,

249 1820 319 1872 sicut
336 1818 378 1871 hic
396 1816 508 1881 scriptae
526 1818 603 1878 sont,
628 1814 691 1868 licet
708 1815 776 1868 roric
794 1816 880 1869 minns
898 1816 1029 1869 sufficiant
1043 1813 1071 1867 od

248 1905 369 1958 salntem.

319 1987 345 2041 2.
366 1991 428 2042 Peto
446 1987 541 2050 etiem,
561 1987 687 2051 Domine,
715 1998 774 2040 cum
793 1987 863 2040 omni
882 1987 1004 2041 disiderio
1021 1988 1070 2041 iiiii

249 2076 297 2140 tui,
317 2079 345 2127 et
361 2074 473 2140 spiritns
490 2072 583 2136 soncti,
604 2076 631 2125 et
648 2071 763 2124 omnium
781 2076 968 2135 crcotnrernm,
988 2078 1016 2125 ot
1032 2073 1070 2124 des

249 2162 313 2215 mini
332 2161 514 2214 discretionem
532 2160 602 2211 inter
619 2159 729 2211 virtutes
747 2158 876 2222 gratuitos
894 2162 921 2210 et
938 2160 1071 2223 notnroies,

250 2250 278 2298 et
293 2244 480 2298 similitudines
498 2244 633 2298 virtutum.
671 2244 702 2295 Et
725 2244 872 2309 quicunqne
899 2247 993 2311 legerit
1013 2249 1070 2299 hooc

249 2331 405 2395 moterinm,
432 2332 475 2385 vei
494 2330 603 2395 doinst
621 2328 751 2392 audierit,
780 2330 823 2382 vei
842 2332 1012 2395 cogitaverit,
1039 2336 1068 2393 to,

249 2418 414 2483 omnipotens
432 2422 517 2483 Dens,
546 2420 637 2472 confer
652 2418 679 2471 ei
697 2420 790 2471 soitem
808 2419 927 2481 unicam,
947 2431 1033 2471 rernm
1050 2422 1070 2471 et

249 2504 392 2569 perrectum
410 2505 542 2559 virtntem.
580 2505 671 2558 certus
689 2515 765 2566 snm,
793 2504 880 2568 onod,
899 2506 943 2570 qui
961 2504 1070 2557 habuerit

249 2599 329 2641 nnnm
346 2601 362 2640 n
379 2592 415 2653 te,
433 2590 551 2653 Domine,
570 2601 661 2643 omnes
680 2590 758 2641 simul
777 2590 864 2642 hebet.
901 2590 933 2641 Et
950 2590 995 2655 qni
1012 2602 1069 2645 ores·

249 2675 286 2727 cii
302 2673 329 2726 in
347 2686 417 2739 nno,
446 2675 524 2728 simui
551 2676 646 2729 crescit
662 2675 690 2727 in
709 2675 838 2729 omnibns.
873 2676 905 2728 nt
921 2674 966 2740 oni
985 2676 1011 2728 in
1027 2688 1069 2728 ont

250 2760 393 2824 demoscit,
420 2760 448 2812 in
474 2761 593 2813 omnibns
620 2761 699 2815 simui
726 2762 860 2815 decrescit.
898 2760 929 2813 iot
955 2762 1000 2826 qni
1027 2774 1069 2814 nno

249 2846 380 2912 amerit,
407 2847 507 2899 nullom
534 2847 630 2913 nnbet3
657 2848 719 2913 onio
746 2860 837 2901 omnes
863 2846 954 2900 nnitoe
976 2853 1034 2901 sont
1048 2848 1068 2899 in

249 2932 343 2997 motio.
381 2936 472 2985 Amen.

588 3096 743 3111 ——m
