2384 3759
616 356 651 411 tu

215 506 266 547 nec
283 494 399 546 amicitia
415 495 534 557 carnali,
562 497 606 549 rel
624 496 717 549 timore
733 496 842 557 serrib,
868 508 917 547 nec
937 497 1054 549 delecta·

216 580 288 633 bone
305 581 396 644 gaudii
413 582 565 635 transitorii.

285 662 313 718 3.
331 667 370 720 bd
387 678 503 721 amorem
521 679 601 721 verce
618 666 748 719 libertatis
766 666 891 718 inducere
908 677 957 717 nos
976 655 1055 719 debet
1110 678 1111 681 ’

215 751 324 803 diuinae
341 752 516 805 ordinationis
532 752 720 813 consideratio,
745 763 813 815 nuce
837 752 895 804 ruit
918 752 1053 804 bominem

217 848 275 889 esse
293 838 415 891 liberum.
451 840 482 891 ln
504 838 579 890 cuins
599 836 705 900 signnm
725 835 799 887 dedit
821 836 922 889 bomini
940 836 1053 889 liberum

218 922 364 986 arbitrium,
383 924 412 975 in
427 924 478 975 boc
494 923 610 975 maxime
627 921 714 985 insum
730 920 781 973 sibi
800 922 965 986 assimilans,
985 922 1053 984 nuod

217 1023 236 1061 n
250 1009 357 1061 nemine
374 1010 432 1073 cogi
449 1013 554 1073 potest,
581 1008 650 1061 sicut
675 1020 724 1059 nec
742 1008 810 1059 bens
833 1006 866 1059 ab
885 1007 976 1071 aliquo
995 1007 1053 1070 coni

217 1099 312 1157 notest
349 1095 417 1146 lllnd
435 1094 547 1147 liberum
564 1093 701 1147 arbiuinn
717 1093 785 1145 bens
808 1093 908 1146 bomini
930 1093 1052 1155 contulit,

217 1180 309 1231 dicens
326 1181 354 1231 in
372 1180 566 1233 Ecclesiastico:
584 1181 654 1231 liene
672 1177 705 1231 ab
723 1178 799 1245 initio
816 1177 951 1231 constituit
969 1178 1054 1229 bomi-

216 1276 289 1328 nem,
307 1269 335 1316 et
351 1265 458 1329 reliquit
474 1266 551 1318 illurn
568 1266 598 1317 in
614 1276 695 1317 manu
707 1263 811 1315 consilii
822 1264 872 1315 sui.
892 1262 995 1323 (dccii.
1009 1260 1051 1325 15,
1110 1270 1111 1275 ’

217 1346 275 1413 lte)
309 1352 341 1403 lit
358 1351 436 1413 ntulo
453 1356 527 1415 nost:
554 1352 682 1415 innocuit
707 1348 754 1402 tibi
781 1356 875 1414 nquam
902 1354 929 1401 et
947 1350 1052 1412 ignem:
1110 1410 1111 1413 1

218 1436 253 1488 ad
270 1436 339 1501 quod
358 1437 490 1499 volneris,
518 1437 623 1499 porrige
641 1446 750 1489 manum
767 1439 846 1487 tuam.
884 1436 951 1486 inte
970 1434 1053 1485 bomi·
1110 1444 1111 1481 l

217 1533 278 1574 nem
298 1523 350 1575 vita
368 1527 396 1574 et
413 1535 497 1585 mors,
521 1522 619 1573 bonnm
644 1527 671 1573 ct
688 1521 795 1573 molum.
833 1519 904 1582 Quod
922 1520 1053 1581 placuerit

217 1609 253 1673 ei,
271 1609 377 1661 dabitur
394 1609 444 1661 illi.
464 1607 565 1669 (doch.
586 1604 630 1669 15,
650 1606 692 1659 it.
712 1602 771 1667 18.)
1110 1642 1111 1681 1

286 1695 324 1747 lid
344 1707 433 1747 veram
450 1692 600 1747 libertatern
625 1691 804 1745 indubitanter
830 1690 981 1753 inducitur,
1010 1688 1053 1755 qni
1110 1694 1111 1745 1

217 1784 415 1844 praeceptorum
432 1782 599 1845 divinornm,
627 1786 655 1833 et
672 1779 858 1839 consiliorum,
887 1781 914 1829 et
932 1780 1052 1830 votorum

216 1878 324 1919 suornm
341 1866 490 1919 inviolabili
507 1865 675 1919 observantie
702 1876 732 1917 se
758 1865 836 1928 ligat:
864 1864 908 1926 oui
936 1868 1051 1915 menum
1082 1844 1111 1931 ’1

217 1964 292 2004 snam
320 1954 348 2004 et
372 1965 466 2005 sensus
491 1964 554 2005 suos
581 1964 597 2002 a
624 1950 804 2013 voluptatibus
830 1949 991 2001 refraenet:
1010 1949 1052 2013 oni

217 2038 333 2089 membro
355 2050 403 2089 sua
429 2038 511 2089 nullis
536 2031 636 2089 illicitis
663 2037 789 2097 occupat:
817 2034 861 2098 qui
885 2033 1053 2086 obedientiae
1110 2084 1111 2101 ,

215 2122 306 2187 jugum
325 2136 358 2174 ex
375 2124 454 2176 corde
471 2126 556 2175 amat:
576 2122 620 2187 qni
640 2127 693 2175 toto
710 2122 778 2183 nisu,
799 2122 911 2185 qualiter
929 2120 984 2171 Deo
1008 2132 1053 2172 suo

217 2209 330 2271 placeat,
349 2210 476 2261 elaborat
511 2210 612 2271 Quanto
631 2208 742 2271 omnlins
755 2208 812 2270 onis
825 2205 967 2269 praedictis
987 2207 1053 2257 inni·

217 2293 290 2354 titur,
309 2297 382 2345 tonto
399 2295 478 2347 citius
496 2306 586 2349 rernm
606 2294 755 2345 libertatem
774 2292 954 2355 consequitur,
982 2296 1011 2343 ot
1028 2291 1053 2342 in
1110 2274 1111 2285 ¹

217 2392 250 2431 eo
267 2379 363 2431 lortius
379 2380 520 2432 radicatur.
558 2380 606 2442 Qui
632 2380 747 2431 veroin
774 2378 824 2435 boc
850 2377 948 2430 mundo
971 2376 1053 2429 iibere

216 2466 380 2517 voluntatem
397 2474 473 2517 snam
489 2465 518 2518 in
536 2465 675 2527 omnibus,
704 2468 732 2517 et
758 2464 785 2517 ln
812 2466 939 2527 quantum
957 2468 1050 2526 potest,
1110 2516 1111 2537 3

218 2550 373 2613 exequitur,
406 2550 485 2602 variis
516 2551 615 2604 dioboli
644 2548 746 2613 laqueis
775 2548 906 2601 irretitur:
937 2552 965 2601 et
996 2560 1052 2601 cun
1110 2540 1111 2567 l

217 2634 326 2687 liberior
343 2646 401 2695 esse
419 2636 542 2698 videtur,
571 2641 633 2688 tnnc
660 2636 688 2687 in
711 2636 837 2689 servitute
856 2638 883 2687 et
900 2634 1052 2698 captivitate

217 2719 316 2773 diaboli
334 2720 428 2773 lortius
446 2725 473 2772 et
489 2721 586 2773 certius
605 2722 744 2775 detinetur.
865 2762 876 2771 .
1110 2788 1111 2791 1

286 2803 313 2859 4„
332 2810 519 2869 Argumentum
538 2818 618 2859 verae
636 2808 765 2860 libertatis
789 2806 886 2867 babet,
915 2805 960 2868 oui
988 2804 1052 2857 nibil
1110 2800 1111 2857 3

218 2902 309 2945 eornm
337 2892 486 2955 desiderat,
517 2903 585 2955 quae
612 2905 627 2943 a
654 2892 833 2945 familiaritate
863 2891 909 2943 liei
939 2892 1052 2942 mentem
1110 2896 1111 2953 4

218 2977 337 3030 alienum
355 2978 397 3029 rel
416 2977 556 3040 elongant:
574 2977 643 3029 sicut
661 2983 701 3031 est
718 2978 861 3041 nrnelntio,
886 2977 957 3029 eirca
982 2980 1052 3028 erte·

218 3065 289 3117 rioro
305 3066 428 3127 irennens
454 3063 612 3127 occupatio,
640 3064 673 3115 de
700 3064 836 3116 commodo
858 3062 946 3115 cernis
973 3061 1053 3115 nimia
1110 3056 1111 3135 f

218 3149 374 3214 solicitudo,
402 3147 497 3202 nentis
514 3148 668 3210 dissolutio,
697 3150 731 3201 ad
748 3149 853 3203 diuersa
875 3148 987 3211 negotio
1004 3148 1052 3199 dis·
1110 3142 1111 3145 ’
