2384 3759
536 344 572 401 95

107 490 299 551 omnipotens
317 484 494 549 perfeetionis,
515 483 640 538 bonitatis
658 489 685 537 et
706 485 876 540 beatitudinis
894 486 921 539 in
940 498 973 539 se

107 573 290 627 naturaliter
309 571 399 635 habet,
419 569 543 635 quidquid
562 572 662 634 gloriae
680 572 766 637 augeli
791 577 818 625 et
835 574 924 625 sancti
941 574 971 627 iu

109 661 215 713 coelo:
240 656 371 721 quinquin
390 655 490 719 gratiae
509 661 535 707 et
552 657 656 708 virtutis
675 657 804 720 eeclesia,
834 662 860 709 et
876 656 971 711 fideles

110 746 229 799 liabent
246 744 276 795 in
296 754 346 803 ea,
374 744 424 795 noe
450 747 531 795 totum
558 744 690 808 proprium
718 742 747 797 ilt
764 742 903 807 unicuique
922 756 973 807 per

111 828 397 895 congratulationem.
484 886 487 891 ,
910 858 918 869 ·

194 916 239 971 Ad
259 915 332 967 tuem
350 926 398 967 nos
416 914 539 968 inducere
557 914 653 977 debet,
681 914 750 980 quon
776 914 971 977 congratulatio

113 1004 224 1064 Patris,
245 1000 316 1061 lilii,
336 1003 362 1051 et
378 1001 490 1063 spiritus
507 1001 591 1053 saneti
610 1001 682 1065 origo
706 1004 747 1055 est
763 999 878 1051 omnium
897 1010 969 1051 erar·

115 1096 265 1143 turarum:
285 1090 313 1137 et
329 1097 432 1149 semper
450 1086 517 1148 luit,
544 1091 573 1139 et
595 1099 665 1141 nuno
683 1091 723 1139 est
740 1086 896 1151 principium
915 1096 971 1139 om·

117 1179 202 1231 nium
223 1182 335 1237 operum
353 1170 507 1225 divinorum.

199 1256 228 1310 3.
250 1262 436 1322 Argumentum
456 1269 534 1311 verae
551 1258 783 1321 congratulationis
800 1258 899 1321 nabet,
924 1257 970 1325 qni

119 1358 174 1411 par
195 1342 290 1397 omnia
309 1342 453 1415 delectatur
471 1341 498 1395 iu
516 1343 655 1408 omnious,
682 1356 749 1409 quae
772 1346 798 1399 ln
816 1346 869 1401 ileo
887 1352 968 1399 sunt:

120 1432 171 1485 oui
191 1427 327 1483 ordinatio
345 1428 481 1491 ecelesiae,
501 1430 529 1479 et
545 1428 634 1481 omnia
652 1440 732 1493 opera
743 1432 798 1497 llel,
819 1436 845 1486 et
861 1431 969 1496 judicia,

124 1525 156 1573 et
174 1529 268 1570 mores
287 1515 378 1577 nivini,
398 1522 426 1569 et
441 1513 607 1567 sanctissima
629 1517 750 1581 exempla
767 1516 868 1571 Domini
885 1518 970 1571 nostri

122 1605 192 1657 lesu
211 1600 329 1663 christi,
359 1608 385 1652 et
396 1636 400 1643 -
411 1600 527 1653 omnium
545 1599 687 1655 amicorum
705 1614 738 1655 ex
756 1605 834 1657 corde
852 1606 970 1667 placent,

126 1695 160 1743 et
176 1688 270 1741 omnia
288 1698 320 1738 ea
338 1687 425 1739 verbis
443 1687 605 1739 commentat
624 1692 650 1741 et
667 1687 726 1741 aliis
743 1690 903 1760 manifestat.

203 1776 271 1828 ltern
290 1773 332 1826 rui
351 1773 383 1825 de
402 1772 511 1838 singulis
529 1773 605 1826 (lonis
623 1773 801 1837 naturalibus,
824 1773 970 1837 spirituali-

129 1863 196 1925 bus,
226 1861 348 1925 gratuitis
375 1854 526 1923 augelorum
554 1864 581 1912 et
597 1863 751 1915 sanctorum
769 1861 796 1913 in
823 1859 914 1923 coelo,
943 1861 968 1911 et

128 1947 298 2011 singulorum
316 1943 502 1997 lominumin
524 1948 604 1999 terra.
617 1950 757 2011 generatur
774 1944 898 2011 paullum
916 1943 972 2009 spi·

131 2033 246 2087 rituale:
271 2036 298 2083 et
320 2030 491 2084 haecomnia
514 2040 618 2095 semper
643 2036 670 2085 ot
695 2031 792 2097 ubique
815 2033 973 2094 cooperatur

131 2131 180 2183 pro
198 2128 286 2181 posse.
367 2187 371 2194 ⁸

205 2202 233 2255 t.
253 2204 441 2266 Argumentum
460 2202 544 2255 falsae
561 2198 793 2266 cougratulationis
810 2200 904 2265 hahet,
924 2201 969 2267 qui

132 2300 240 2343 omnem
258 2288 449 2361 ordinationem
467 2287 581 2341 (livinum
600 2290 627 2339 in
645 2291 718 2343 coelo
738 2290 808 2344 etin
832 2296 914 2351 terra,
940 2292 972 2341 et

131 2390 215 2442 opera
230 2375 379 2439 iustorum,
399 2379 426 2429 et
445 2374 570 2437 virtutes,
599 2379 625 2427 et
642 2380 759 2429 sanctam
778 2387 867 2432 eorum
886 2375 969 2427 vitam

130 2461 303 2519 commendat
319 2460 348 2513 in
365 2472 419 2522 ore,
438 2461 485 2513 set
502 2459 589 2513 omnia
603 2460 629 2511 in
643 2471 721 2523 opere
733 2462 872 2527 vituperat.
900 2461 967 2515 lali·

130 2551 182 2603 bns
209 2549 373 2612 improperat
397 2548 521 2601 Dominus
546 2548 575 2599 in
593 2546 678 2599 isaia:
698 2543 751 2610 (29,
772 2545 825 2612 13.)
853 2548 969 2613 Populus

131 2637 174 2690 trie
192 2647 241 2689 ore
259 2645 310 2687 suo
328 2640 356 2685 et
372 2633 448 2687 labiis
466 2634 521 2687 suis
539 2632 668 2700 glorificat
680 2643 731 2693 me,
750 2645 794 2687 cor
805 2638 892 2685 nutem
911 2632 969 2697 ejus

131 2726 210 2789 longe
230 2735 271 2775 est
290 2734 307 2773 a
325 2734 375 2774 me.
415 2724 489 2775 iales
514 2722 548 2774 de
572 2732 680 2785 corpore
705 2721 831 2775 ecelesiae
854 2719 968 2782 praecisi

130 2816 203 2872 snut,
222 2809 267 2874 qui
287 2810 357 2860 bona
373 2808 489 2871 corporis
507 2819 558 2859 non
575 2808 741 2871 participant.
