2384 3759
530 375 584 432 len

204 519 322 573 Primum
340 515 551 581 nnenerettrnnr
578 520 620 570 est
645 517 740 570 mentis
763 521 790 570 et
807 518 893 572 urnis
911 529 973 572 eon·

134 605 251 660 tinentia
268 604 297 656 in
312 603 420 668 cingulo
437 614 534 655 rennnr·
547 601 668 668 ngnreta.
707 602 800 668 (irent
821 605 848 657 in
866 603 972 659 renibus

135 691 268 757 recipitur
283 688 370 742 arnis
388 689 543 754 delectetio3
561 689 633 741 ende
650 689 691 742 Pe.
703 687 749 755 25,
761 685 808 742 2:
827 690 878 742 Ure
894 702 972 744 renes

134 789 208 832 rneos
236 779 266 829 et
290 786 337 827 eor
361 785 458 828 menne.
495 773 542 837 oni
568 785 631 838 ergo
649 775 749 828 Pesehe
767 775 973 830 eomeditsenee

133 865 270 927 neemget,
289 861 351 926 onie
368 860 414 926 oni
429 872 525 925 eorpus
542 861 645 914 iiomini
671 860 779 926 enoipit,
808 862 972 924 volontatem

134 950 234 1011 tornet,
257 947 390 1000 iunnnenr
406 947 549 1001 reireenet
575 949 647 1001 iieee
662 948 827 1011 praeparatio
838 949 973 1001 eontinen-

135 1036 189 1090 tiee
207 1033 374 1088 ettendende
391 1036 432 1086 eet
448 1036 575 1097 otrentum
594 1033 628 1086 ed
655 1033 706 1087 trie
723 1043 821 1096 genere
838 1033 973 1087 hominnm

137 1135 175 1176 so.
195 1121 232 1173 ee
250 1119 413 1184 eoninsetoe,
441 1121 475 1173 oe
491 1120 683 1174 incontinentie
703 1118 878 1184 poenitentes,
896 1119 973 1184 eniri·
1057 1114 1060 1122 “

134 1209 232 1261 niues.
260 1206 339 1259 Primi
358 1210 419 1260 ente
435 1217 538 1258 sennem
554 1205 764 1259 communionem
782 1205 973 1260 continentiem

136 1295 236 1348 debent
265 1303 372 1345 eernere
397 1291 570 1356 eiiqnentnnr,
600 1292 709 1346 secundi
726 1293 881 1357 longiorem,
902 1291 974 1346 tertii

135 1379 301 1434 continuem.
314 1403 348 1414 -
360 1378 397 1430 ite
406 1378 489 1442 nnmo
499 1379 595 1432 dieitur
607 1378 641 1431 ed
652 1378 744 1444 iterio,
756 1375 778 1432 1.
792 1380 854 1443 Reg.
868 1375 912 1442 21,
926 1375 970 1431 n:

135 1468 163 1521 si
183 1465 262 1531 pueri
278 1464 370 1518 mnndi
387 1467 449 1516 snnt
466 1466 580 1518 menime
599 1478 615 1518 e
632 1464 795 1530 merientes,
814 1466 974 1518 menineent

135 1563 176 1605 so.
193 1561 292 1615 penem
304 1553 439 1604 sanetum:
457 1550 594 1614 respondit
609 1551 707 1605 Darii:
727 1551 803 1603 sine
818 1551 973 1605 mutieribus

136 1639 236 1702 egitur,
254 1635 430 1688 continuimus
448 1637 547 1689 nosen
565 1638 622 1690 ireri
642 1640 669 1690 et
680 1637 775 1690 ondins
792 1637 893 1690 terties.
925 1638 973 1690 lie·

137 1723 178 1776 nit
203 1734 268 1786 ergo
294 1722 333 1774 eie
359 1723 482 1776 seoernoe
506 1723 697 1778 sanctificatum
724 1735 828 1789 penem.
865 1722 893 1776 si
911 1721 973 1775 teiis

136 1807 302 1862 continentie
319 1812 426 1861 serente
442 1811 483 1860 est
500 1808 533 1861 ee
549 1809 672 1873 figorem,
702 1813 799 1875 quento
817 1809 901 1874 megis
918 1821 974 1862 ser·

137 1895 227 1950 mne
244 1896 286 1946 est
301 1894 335 1947 ed
347 1895 463 1959 eorporis
475 1896 570 1950 Christi
581 1896 736 1950 veritatem?
747 1921 781 1934 ·-
794 1897 830 1950 iie
841 1897 972 1950 seeundo:

137 1983 232 2045 Romo,
251 1983 296 2046 oui
314 1982 394 2034 tuerit
411 1983 529 2046 ienrosns
555 1987 602 2034 ent
618 1982 721 2047 petiens
738 1983 838 2037 iiunnrn
855 1982 973 2047 seminis,

138 2069 156 2121 i.
175 2081 200 2120 e.
219 2079 332 2130 neeoens
348 2078 397 2130 ner
413 2067 628 2127 incontinentiam
646 2069 746 2130 nemis,
775 2081 827 2122 non
854 2071 975 2122 vescetur

137 2154 172 2207 eie
189 2155 242 2217 iris,
262 2165 328 2218 queo
346 2152 508 2207 senetifleete
524 2158 587 2207 snnt
601 2156 687 2222 ¹neritii,
707 2155 793 2208 donee
809 2158 918 2208 senetur
934 2167 971 2209 se.

137 2253 187 2306 ner
204 2241 402 2305 poenitentiern.
437 2242 504 2295 iiine
524 2242 617 2295 steinti
634 2245 697 2295 sunt
713 2243 775 2294 ente
792 2242 892 2294 Peseire
910 2253 972 2307 que·

137 2327 262 2392 neginte
279 2328 335 2382 dies
352 2329 539 2392 poenitentiae,
573 2332 603 2381 ut
627 2328 679 2402 iris
690 2327 802 2391 nonestis
824 2327 851 2379 in
867 2327 974 2391 ieiuniis

137 2418 167 2467 et
192 2414 357 2468 orationibus
383 2421 411 2468 et
437 2415 601 2469 continentie
627 2417 655 2467 et
676 2411 752 2467 bonis
770 2412 893 2479 operibns
911 2419 974 2468 tuno

137 2500 242 2566 possint
259 2502 451 2555 communicare
467 2501 633 2566 poenitentes
651 2513 710 2554 enm
729 2501 791 2553 eliis
808 2499 885 2554 ionis
903 2501 974 2556 Chri·

137 2588 241 2641 etients.
262 2613 296 2624 --
314 2587 351 2640 lie
376 2588 452 2640 tertio
479 2601 515 2640 se.
548 2589 581 2642 ne
605 2587 767 2642 continentie
797 2589 921 2642 continue
948 2593 976 2642 et

138 2673 316 2736 sempiterne:
336 2673 490 2726 secerdotes
501 2675 586 2727 seneti
597 2675 675 2726 erunt
686 2674 796 2728 Domino
813 2687 861 2729 sno
879 2680 906 2729 et
922 2687 975 2728 non

137 2762 374 2826 polinentnornen
392 2759 456 2824 eins.
485 2761 624 2812 incensum
641 2759 712 2813 enirn
730 2762 831 2815 nomini
850 2765 877 2814 et
893 2773 975 2824 penes

136 2849 185 2902 liei
211 2848 255 2900 sui
281 2846 407 2911 oiiernnt3
440 2849 468 2898 et
490 2846 550 2900 ideo
575 2845 660 2900 seneti
683 2850 768 2899 erunt.
789 2847 866 2910 (Len.
880 2841 923 2908 21,
934 2841 974 2906 6.)

137 2935 223 2987 Bene:
237 2933 266 2986 Si
274 2934 373 2986 veteris
384 2932 534 2986 testememi
544 2932 694 2986 secerdotes
703 2932 846 2986 secundnm
858 2929 975 2984 ordinem

138 3020 205 3074 eieis
223 3030 289 3071 sune
307 3019 429 3071 intraturi
446 3019 572 3082 templum
596 3018 630 3070 ed
652 3018 799 3070 offerendas
811 3016 911 3079 tegetes
929 3017 975 3070 iro·

138 3108 204 3161 sties
215 3118 231 3158 e
242 3105 354 3170 propriis
367 3105 491 3158 nroriins
501 3103 617 3168 oportuit
626 3103 766 3166 abstinere,
783 3101 879 3166 quanto
891 3103 975 3166 magis

137 3193 223 3247 nestri
240 3191 398 3255 secerdotes,
421 3203 486 3257 quos
509 3190 543 3243 ed
559 3187 766 3243 consecrantium
782 3191 976 3240 seeroeenetnm
