<?xml version="1.0" encoding="UTF-8"?>
<!DOCTYPE html PUBLIC "-//W3C//DTD XHTML 1.0 Transitional//EN"
    "http://www.w3.org/TR/xhtml1/DTD/xhtml1-transitional.dtd">
<html xmlns="http://www.w3.org/1999/xhtml" xml:lang="en" lang="en">
 <head>
  <title>
</title>
<meta http-equiv="Content-Type" content="text/html;charset=utf-8" />
  <meta name='ocr-system' content='tesseract 3.04.00' />
  <meta name='ocr-capabilities' content='ocr_page ocr_carea ocr_par ocr_line ocrx_word'/>
</head>
<body>
  <div class='ocr_page' id='page_1' title='image "./paradisusanimae00sailgoog_0078.png"; bbox 0 0 2384 3759; ppageno 0'>
   <div class='ocr_carea' id='block_1_1' title="bbox 605 317 642 371">
    <p class='ocr_par' dir='ltr' id='par_1_1' title="bbox 605 317 642 371">
     <span class='ocr_line' id='line_1_1' title="bbox 605 317 642 371; baseline 0 0"><span class='ocrx_word' id='word_1_1' title='bbox 605 317 642 371; x_wconf 75' lang='lat'>56</span> 
     </span>
    </p>
   </div>
   <div class='ocr_carea' id='block_1_2' title="bbox 202 454 1054 695">
    <p class='ocr_par' dir='ltr' id='par_1_2' title="bbox 202 454 1054 695">
     <span class='ocr_line' id='line_1_2' title="bbox 203 454 1054 523; baseline -0.007 -9"><span class='ocrx_word' id='word_1_2' title='bbox 203 462 232 515; x_wconf 78' lang='lat' dir='ltr'>si</span> <span class='ocrx_word' id='word_1_3' title='bbox 252 470 315 523; x_wconf 73' lang='lat' dir='ltr'>ergo</span> <span class='ocrx_word' id='word_1_4' title='bbox 333 458 360 509; x_wconf 89' lang='lat' dir='ltr'>in</span> <span class='ocrx_word' id='word_1_5' title='bbox 379 459 493 510; x_wconf 88' lang='lat' dir='ltr'>mentem</span> <span class='ocrx_word' id='word_1_6' title='bbox 515 455 615 509; x_wconf 75' lang='lat' dir='ltr'>venerit</span> <span class='ocrx_word' id='word_1_7' title='bbox 633 458 686 508; x_wconf 90' lang='lat' dir='ltr'>tam</span> <span class='ocrx_word' id='word_1_8' title='bbox 699 458 803 517; x_wconf 73' lang='lat' dir='ltr'>nomos,</span> <span class='ocrx_word' id='word_1_9' title='bbox 823 457 929 519; x_wconf 87' lang='lat' dir='ltr'>iamque</span> <span class='ocrx_word' id='word_1_10' title='bbox 948 454 1054 508; x_wconf 72' lang='lat' dir='ltr'>emeat</span> 
     </span>
     <span class='ocr_line' id='line_1_3' title="bbox 203 539 1054 607; baseline -0.007 -10"><span class='ocrx_word' id='word_1_11' title='bbox 203 546 442 607; x_wconf 81' lang='lat' dir='ltr'>medicamentum,</span> <span class='ocrx_word' id='word_1_12' title='bbox 472 544 546 595; x_wconf 90' lang='lat' dir='ltr'>nuiia</span> <span class='ocrx_word' id='word_1_13' title='bbox 571 542 624 605; x_wconf 87' lang='lat' dir='ltr'>jam</span> <span class='ocrx_word' id='word_1_14' title='bbox 653 552 757 604; x_wconf 78' lang='lat' dir='ltr'>possum</span> <span class='ocrx_word' id='word_1_15' title='bbox 777 539 859 593; x_wconf 82' lang='lat' dir='ltr'><strong>morbi</strong></span> <span class='ocrx_word' id='word_1_16' title='bbox 877 539 1054 603; x_wconf 76' lang='lat' dir='ltr'><strong>malignitate</strong></span> 
     </span>
     <span class='ocr_line' id='line_1_4' title="bbox 202 625 1054 695; baseline -0.008 -12"><span class='ocrx_word' id='word_1_17' title='bbox 202 632 307 684; x_wconf 84' lang='lat' dir='ltr'>terreri.</span> <span class='ocrx_word' id='word_1_18' title='bbox 337 632 368 682; x_wconf 81' lang='lat' dir='ltr'>Et</span> <span class='ocrx_word' id='word_1_19' title='bbox 385 630 446 681; x_wconf 89' lang='lat' dir='ltr'>ideo</span> <span class='ocrx_word' id='word_1_20' title='bbox 464 631 547 695; x_wconf 84' lang='lat' dir='ltr'>liquet</span> <span class='ocrx_word' id='word_1_21' title='bbox 565 638 667 680; x_wconf 86' lang='lat' dir='ltr'>errasse</span> <span class='ocrx_word' id='word_1_22' title='bbox 694 626 788 690; x_wconf 89' lang='lat' dir='ltr'>ilium,</span> <span class='ocrx_word' id='word_1_23' title='bbox 819 625 863 690; x_wconf 86' lang='lat' dir='ltr'>qui</span> <span class='ocrx_word' id='word_1_24' title='bbox 882 626 933 677; x_wconf 89' lang='lat' dir='ltr'>ait:</span> <span class='ocrx_word' id='word_1_25' title='bbox 965 625 1054 689; x_wconf 80' lang='lat' dir='ltr'>Major</span> 
     </span>
    </p>
   </div>
   <div class='ocr_carea' id='block_1_3' title="bbox 203 709 1109 3179">
    <p class='ocr_par' dir='ltr' id='par_1_3' title="bbox 203 709 1109 2933">
     <span class='ocr_line' id='line_1_5' title="bbox 204 709 1051 784; baseline -0.006 -16"><span class='ocrx_word' id='word_1_26' title='bbox 204 720 247 769; x_wconf 84' lang='lat' dir='ltr'>eat</span> <span class='ocrx_word' id='word_1_27' title='bbox 276 716 401 781; x_wconf 84' lang='lat' dir='ltr'>iniquitas</span> <span class='ocrx_word' id='word_1_28' title='bbox 430 726 507 776; x_wconf 92' lang='lat' dir='ltr'>mea,</span> <span class='ocrx_word' id='word_1_29' title='bbox 539 724 616 778; x_wconf 83' lang='lat' dir='ltr'>quam</span> <span class='ocrx_word' id='word_1_30' title='bbox 644 714 674 784; x_wconf 87' lang='grc' dir='ltr'>ιιι</span> <span class='ocrx_word' id='word_1_31' title='bbox 691 712 796 765; x_wconf 86' lang='lat' dir='ltr'>reniam</span> <span class='ocrx_word' id='word_1_32' title='bbox 814 722 926 763; x_wconf 88' lang='lat' dir='ltr'>merear.</span> <span class='ocrx_word' id='word_1_33' title='bbox 960 709 1051 774; x_wconf 78' lang='lat' dir='ltr'>(Gen.</span> 
     </span>
     <span class='ocr_line' id='line_1_6' title="bbox 203 797 1053 866; baseline -0.001 -16"><span class='ocrx_word' id='word_1_34' title='bbox 203 798 231 862; x_wconf 78' lang='lat'>4,</span> <span class='ocrx_word' id='word_1_35' title='bbox 252 797 309 866; x_wconf 87' lang='lat'>13.)</span> <span class='ocrx_word' id='word_1_36' title='bbox 333 802 365 852; x_wconf 86' lang='lat' dir='ltr'>iit</span> <span class='ocrx_word' id='word_1_37' title='bbox 382 801 462 864; x_wconf 77' lang='lat' dir='ltr'>panio</span> <span class='ocrx_word' id='word_1_38' title='bbox 480 802 554 862; x_wconf 83' lang='lat' dir='ltr'>nost:</span> <span class='ocrx_word' id='word_1_39' title='bbox 575 798 629 861; x_wconf 78' lang='lat' dir='ltr'>ligo</span> <span class='ocrx_word' id='word_1_40' title='bbox 647 810 710 850; x_wconf 87' lang='lat' dir='ltr'>vero</span> <span class='ocrx_word' id='word_1_41' title='bbox 729 797 848 859; x_wconf 83' lang='lat' dir='ltr'>fidenter,</span> <span class='ocrx_word' id='word_1_42' title='bbox 868 797 939 862; x_wconf 84' lang='lat' dir='ltr'>quod</span> <span class='ocrx_word' id='word_1_43' title='bbox 957 810 995 849; x_wconf 89' lang='grc' dir='ltr'>ειι</span> <span class='ocrx_word' id='word_1_44' title='bbox 1006 808 1053 850; x_wconf 92' lang='lat' dir='ltr'>me</span> 
     </span>
     <span class='ocr_line' id='line_1_7' title="bbox 204 882 1109 949; baseline -0.002 -10"><span class='ocrx_word' id='word_1_45' title='bbox 204 886 271 939; x_wconf 83' lang='lat' dir='ltr'>mini</span> <span class='ocrx_word' id='word_1_46' title='bbox 284 886 367 949; x_wconf 89' lang='lat' dir='ltr'>deest,</span> <span class='ocrx_word' id='word_1_47' title='bbox 387 896 484 947; x_wconf 81' lang='lat' dir='ltr'>usurpo</span> <span class='ocrx_word' id='word_1_48' title='bbox 502 883 568 935; x_wconf 85' lang='lat' dir='ltr'>mini</span> <span class='ocrx_word' id='word_1_49' title='bbox 587 896 621 937; x_wconf 81' lang='lat' dir='ltr'>er</span> <span class='ocrx_word' id='word_1_50' title='bbox 638 882 783 937; x_wconf 80' lang='lat' dir='ltr'>visceribus</span> <span class='ocrx_word' id='word_1_51' title='bbox 792 882 902 947; x_wconf 83' lang='lat' dir='ltr'>Domini,</span> <span class='ocrx_word' id='word_1_52' title='bbox 922 882 1052 947; x_wconf 83' lang='lat' dir='ltr'>quoniam</span> <span class='ocrx_word' id='word_1_53' title='bbox 1108 932 1109 937; x_wconf 73' lang='grc'>,</span> 
     </span>
     <span class='ocr_line' id='line_1_8' title="bbox 204 968 1053 1033; baseline -0.002 -10"><span class='ocrx_word' id='word_1_54' title='bbox 204 972 383 1025; x_wconf 75' lang='lat' dir='ltr'>misericordia</span> <span class='ocrx_word' id='word_1_55' title='bbox 397 970 528 1032; x_wconf 71' lang='lat' dir='ltr'>‚effluunt3</span> <span class='ocrx_word' id='word_1_56' title='bbox 555 980 604 1021; x_wconf 87' lang='lat' dir='ltr'>nec</span> <span class='ocrx_word' id='word_1_57' title='bbox 629 968 725 1021; x_wconf 82' lang='lat' dir='ltr'>desunt</span> <span class='ocrx_word' id='word_1_58' title='bbox 742 969 887 1032; x_wconf 76' lang='lat' dir='ltr'>foramina,</span> <span class='ocrx_word' id='word_1_59' title='bbox 912 980 1053 1033; x_wconf 79' lang='lat' dir='ltr'>peronae</span> 
     </span>
     <span class='ocr_line' id='line_1_9' title="bbox 205 1055 1052 1120; baseline -0.002 -10"><span class='ocrx_word' id='word_1_60' title='bbox 205 1058 325 1111; x_wconf 77' lang='lat' dir='ltr'>effluant,</span> <span class='ocrx_word' id='word_1_61' title='bbox 368 1055 499 1109; x_wconf 83' lang='lat' dir='ltr'>Foderunt</span> <span class='ocrx_word' id='word_1_62' title='bbox 528 1066 622 1106; x_wconf 90' lang='lat' dir='ltr'>manns</span> <span class='ocrx_word' id='word_1_63' title='bbox 652 1055 708 1119; x_wconf 87' lang='lat' dir='ltr'>ejus</span> <span class='ocrx_word' id='word_1_64' title='bbox 737 1059 765 1108; x_wconf 91' lang='grc' dir='ltr'>ει</span> <span class='ocrx_word' id='word_1_65' title='bbox 792 1056 892 1119; x_wconf 77' lang='lat' dir='ltr'>pedes,</span> <span class='ocrx_word' id='word_1_66' title='bbox 924 1056 1052 1120; x_wconf 83' lang='lat' dir='ltr'>latusque</span> 
     </span>
     <span class='ocr_line' id='line_1_10' title="bbox 210 1130 1051 1205; baseline -0.002 -10"><span class='ocrx_word' id='word_1_67' title='bbox 210 1143 304 1196; x_wconf 78' lang='lat' dir='ltr'>iancea</span> <span class='ocrx_word' id='word_1_68' title='bbox 330 1142 501 1202; x_wconf 80' lang='lat' dir='ltr'>roraverunt,</span> <span class='ocrx_word' id='word_1_69' title='bbox 532 1143 562 1192; x_wconf 90' lang='lat' dir='ltr'>nt</span> <span class='ocrx_word' id='word_1_70' title='bbox 591 1130 639 1203; x_wconf 79' lang='lat' dir='ltr'>ner¹</span> <span class='ocrx_word' id='word_1_71' title='bbox 658 1140 740 1193; x_wconf 84' lang='lat' dir='ltr'>rimas</span> <span class='ocrx_word' id='word_1_72' title='bbox 759 1141 851 1197; x_wconf 83' lang='lat' dir='ltr'>liceret</span> <span class='ocrx_word' id='word_1_73' title='bbox 867 1140 934 1194; x_wconf 83' lang='lat' dir='ltr'>miii</span> <span class='ocrx_word' id='word_1_74' title='bbox 951 1152 1051 1205; x_wconf 78' lang='lat' dir='ltr'>sugere</span> 
     </span>
     <span class='ocr_line' id='line_1_11' title="bbox 208 1226 1049 1291; baseline -0.002 -10"><span class='ocrx_word' id='word_1_75' title='bbox 208 1230 263 1281; x_wconf 86' lang='lat' dir='ltr'>mei</span> <span class='ocrx_word' id='word_1_76' title='bbox 294 1228 327 1280; x_wconf 92' lang='lat' dir='ltr'>de</span> <span class='ocrx_word' id='word_1_77' title='bbox 356 1228 448 1291; x_wconf 82' lang='lat' dir='ltr'>petra,</span> <span class='ocrx_word' id='word_1_78' title='bbox 479 1227 617 1291; x_wconf 77' lang='lat' dir='ltr'>oleumque</span> <span class='ocrx_word' id='word_1_79' title='bbox 640 1226 672 1278; x_wconf 90' lang='lat' dir='ltr'>de</span> <span class='ocrx_word' id='word_1_80' title='bbox 690 1238 755 1279; x_wconf 82' lang='lat' dir='ltr'>saxo</span> <span class='ocrx_word' id='word_1_81' title='bbox 773 1226 921 1289; x_wconf 89' lang='lat' dir='ltr'>durissimo,</span> <span class='ocrx_word' id='word_1_82' title='bbox 943 1226 970 1277; x_wconf 93' lang='lat' dir='ltr'>id</span> <span class='ocrx_word' id='word_1_83' title='bbox 990 1230 1049 1279; x_wconf 86' lang='lat' dir='ltr'>est:</span> 
     </span>
     <span class='ocr_line' id='line_1_12' title="bbox 206 1307 1054 1379; baseline -0.002 -14"><span class='ocrx_word' id='word_1_84' title='bbox 206 1307 311 1379; x_wconf 72' lang='lat' dir='ltr'>gnsnre</span> <span class='ocrx_word' id='word_1_85' title='bbox 341 1317 369 1365; x_wconf 91' lang='grc' dir='ltr'>ει</span> <span class='ocrx_word' id='word_1_86' title='bbox 396 1312 502 1376; x_wconf 86' lang='lat' dir='ltr'>ridere,</span> <span class='ocrx_word' id='word_1_87' title='bbox 534 1314 657 1377; x_wconf 83' lang='lat' dir='ltr'>quoniam</span> <span class='ocrx_word' id='word_1_88' title='bbox 687 1314 776 1365; x_wconf 84' lang='lat' dir='ltr'>suavis</span> <span class='ocrx_word' id='word_1_89' title='bbox 795 1315 836 1365; x_wconf 88' lang='lat' dir='ltr'>est</span> <span class='ocrx_word' id='word_1_90' title='bbox 852 1312 987 1365; x_wconf 82' lang='lat' dir='ltr'>Dominus.</span> <span class='ocrx_word' id='word_1_91' title='bbox 1018 1313 1054 1365; x_wconf 86' lang='grc' dir='ltr'>Ει</span> 
     </span>
     <span class='ocr_line' id='line_1_13' title="bbox 207 1398 1052 1472; baseline -0.002 -20"><span class='ocrx_word' id='word_1_92' title='bbox 207 1400 381 1472; x_wconf 65' lang='lat' dir='ltr'>paulopost:</span> <span class='ocrx_word' id='word_1_93' title='bbox 399 1400 432 1450; x_wconf 78' lang='lat' dir='ltr'>it</span> <span class='ocrx_word' id='word_1_94' title='bbox 449 1398 532 1451; x_wconf 84' lang='lat' dir='ltr'>claris</span> <span class='ocrx_word' id='word_1_95' title='bbox 549 1410 670 1451; x_wconf 77' lang='lat' dir='ltr'>reserans</span> <span class='ocrx_word' id='word_1_96' title='bbox 688 1400 780 1451; x_wconf 86' lang='lat' dir='ltr'>olavus</span> <span class='ocrx_word' id='word_1_97' title='bbox 798 1401 940 1461; x_wconf 79' lang='lat' dir='ltr'>penetrans</span> <span class='ocrx_word' id='word_1_98' title='bbox 960 1398 1052 1451; x_wconf 84' lang='lat' dir='ltr'>iaetus</span> 
     </span>
     <span class='ocr_line' id='line_1_14' title="bbox 208 1482 1051 1547; baseline -0.002 -10"><span class='ocrx_word' id='word_1_99' title='bbox 208 1482 335 1545; x_wconf 80' lang='lat' dir='ltr'>astmini,</span> <span class='ocrx_word' id='word_1_100' title='bbox 354 1486 384 1534; x_wconf 93' lang='grc' dir='ltr'>ιιι</span> <span class='ocrx_word' id='word_1_101' title='bbox 401 1482 505 1535; x_wconf 86' lang='lat' dir='ltr'>rideam</span> <span class='ocrx_word' id='word_1_102' title='bbox 523 1484 807 1537; x_wconf 83' lang='lat' dir='ltr'>voiuntatemliomini.</span> <span class='ocrx_word' id='word_1_103' title='bbox 835 1483 928 1547; x_wconf 77' lang='lat' dir='ltr'>Quidni</span> <span class='ocrx_word' id='word_1_104' title='bbox 940 1484 1051 1537; x_wconf 86' lang='lat' dir='ltr'>rideam</span> 
     </span>
     <span class='ocr_line' id='line_1_15' title="bbox 207 1568 1051 1635; baseline 0.004 -15"><span class='ocrx_word' id='word_1_105' title='bbox 207 1580 256 1631; x_wconf 75' lang='lat' dir='ltr'>per</span> <span class='ocrx_word' id='word_1_106' title='bbox 273 1568 409 1621; x_wconf 66' lang='lat' dir='ltr'>toramen?</span> <span class='ocrx_word' id='word_1_107' title='bbox 451 1569 552 1621; x_wconf 86' lang='lat' dir='ltr'>clamat</span> <span class='ocrx_word' id='word_1_108' title='bbox 568 1572 678 1634; x_wconf 84' lang='lat' dir='ltr'>clarus,</span> <span class='ocrx_word' id='word_1_109' title='bbox 710 1572 808 1625; x_wconf 86' lang='lat' dir='ltr'>eiamat</span> <span class='ocrx_word' id='word_1_110' title='bbox 830 1572 944 1634; x_wconf 86' lang='lat' dir='ltr'>vuinus,</span> <span class='ocrx_word' id='word_1_111' title='bbox 978 1570 1051 1635; x_wconf 84' lang='lat' dir='ltr'>qnod</span> 
     </span>
     <span class='ocr_line' id='line_1_16' title="bbox 205 1653 1050 1717; baseline 0.002 -10"><span class='ocrx_word' id='word_1_112' title='bbox 205 1656 275 1707; x_wconf 86' lang='lat' dir='ltr'>iieus</span> <span class='ocrx_word' id='word_1_113' title='bbox 292 1653 373 1705; x_wconf 89' lang='lat' dir='ltr'>sitin</span> <span class='ocrx_word' id='word_1_114' title='bbox 391 1653 502 1717; x_wconf 85' lang='lat' dir='ltr'>christo,</span> <span class='ocrx_word' id='word_1_115' title='bbox 523 1656 649 1708; x_wconf 92' lang='lat' dir='ltr'>mundum</span> <span class='ocrx_word' id='word_1_116' title='bbox 667 1656 841 1709; x_wconf 84' lang='lat' dir='ltr'>reconcilians</span> <span class='ocrx_word' id='word_1_117' title='bbox 858 1656 917 1709; x_wconf 85' lang='lat' dir='ltr'>sibi.</span> <span class='ocrx_word' id='word_1_118' title='bbox 948 1656 1050 1709; x_wconf 87' lang='lat' dir='ltr'>iterum</span> 
     </span>
     <span class='ocr_line' id='line_1_17' title="bbox 206 1740 1051 1806; baseline 0.002 -13"><span class='ocrx_word' id='word_1_119' title='bbox 206 1742 287 1803; x_wconf 79' lang='lat' dir='ltr'>nanio</span> <span class='ocrx_word' id='word_1_120' title='bbox 315 1742 388 1803; x_wconf 77' lang='lat' dir='ltr'>oostz</span> <span class='ocrx_word' id='word_1_121' title='bbox 418 1740 495 1793; x_wconf 87' lang='lat' dir='ltr'>Patet</span> <span class='ocrx_word' id='word_1_122' title='bbox 521 1752 645 1794; x_wconf 86' lang='lat' dir='ltr'>arcanum</span> <span class='ocrx_word' id='word_1_123' title='bbox 677 1742 762 1795; x_wconf 85' lang='lat' dir='ltr'>cordis</span> <span class='ocrx_word' id='word_1_124' title='bbox 781 1754 828 1806; x_wconf 82' lang='lat' dir='ltr'>ner</span> <span class='ocrx_word' id='word_1_125' title='bbox 845 1741 973 1795; x_wconf 90' lang='lat' dir='ltr'>ioramina</span> <span class='ocrx_word' id='word_1_126' title='bbox 992 1754 1051 1795; x_wconf 85' lang='lat' dir='ltr'>eor·</span> 
     </span>
     <span class='ocr_line' id='line_1_18' title="bbox 211 1826 1051 1892; baseline 0.004 -14"><span class='ocrx_word' id='word_1_127' title='bbox 211 1826 291 1890; x_wconf 74' lang='lat' dir='ltr'>poris.</span> <span class='ocrx_word' id='word_1_128' title='bbox 321 1826 397 1879; x_wconf 84' lang='lat' dir='ltr'>Patet</span> <span class='ocrx_word' id='word_1_129' title='bbox 413 1837 537 1891; x_wconf 75' lang='lat' dir='ltr'>magnum</span> <span class='ocrx_word' id='word_1_130' title='bbox 556 1826 624 1880; x_wconf 91' lang='lat' dir='ltr'>iilud</span> <span class='ocrx_word' id='word_1_131' title='bbox 642 1828 747 1892; x_wconf 79' lang='lat' dir='ltr'>pietatis</span> <span class='ocrx_word' id='word_1_132' title='bbox 765 1831 968 1881; x_wconf 89' lang='lat' dir='ltr'>sacramentnm.</span> <span class='ocrx_word' id='word_1_133' title='bbox 1000 1828 1051 1888; x_wconf 81' lang='lat' dir='ltr'>Pa·</span> 
     </span>
     <span class='ocr_line' id='line_1_19' title="bbox 208 1912 1049 1979; baseline 0.002 -14"><span class='ocrx_word' id='word_1_134' title='bbox 208 1915 266 1965; x_wconf 86' lang='lat' dir='ltr'>tent</span> <span class='ocrx_word' id='word_1_135' title='bbox 282 1912 383 1965; x_wconf 84' lang='lat' dir='ltr'>risaera</span> <span class='ocrx_word' id='word_1_136' title='bbox 401 1912 598 1967; x_wconf 76' lang='lat' dir='ltr'>misericordiae</span> <span class='ocrx_word' id='word_1_137' title='bbox 616 1914 662 1967; x_wconf 85' lang='lat' dir='ltr'>iiei</span> <span class='ocrx_word' id='word_1_138' title='bbox 681 1915 777 1979; x_wconf 87' lang='lat' dir='ltr'>nostri,</span> <span class='ocrx_word' id='word_1_139' title='bbox 797 1916 825 1967; x_wconf 93' lang='lat' dir='ltr'>in</span> <span class='ocrx_word' id='word_1_140' title='bbox 844 1912 938 1979; x_wconf 85' lang='lat' dir='ltr'>quibus</span> <span class='ocrx_word' id='word_1_141' title='bbox 957 1914 1049 1967; x_wconf 85' lang='lat' dir='ltr'>risita-</span> 
     </span>
     <span class='ocr_line' id='line_1_20' title="bbox 205 1996 1055 2063; baseline 0 -14"><span class='ocrx_word' id='word_1_142' title='bbox 205 1996 247 2051; x_wconf 84' lang='lat' dir='ltr'>rit</span> <span class='ocrx_word' id='word_1_143' title='bbox 275 2009 324 2050; x_wconf 88' lang='lat' dir='ltr'>nos</span> <span class='ocrx_word' id='word_1_144' title='bbox 353 1998 455 2062; x_wconf 56' lang='lat' dir='ltr'>oriens,</span> <span class='ocrx_word' id='word_1_145' title='bbox 473 2010 507 2051; x_wconf 85' lang='lat' dir='ltr'>ex</span> <span class='ocrx_word' id='word_1_146' title='bbox 536 2000 598 2052; x_wconf 89' lang='lat' dir='ltr'>aito.</span> <span class='ocrx_word' id='word_1_147' title='bbox 641 1998 735 2063; x_wconf 75' lang='lat' dir='ltr'>Quidni</span> <span class='ocrx_word' id='word_1_148' title='bbox 753 2001 854 2053; x_wconf 84' lang='lat' dir='ltr'>viscera</span> <span class='ocrx_word' id='word_1_149' title='bbox 871 2010 919 2063; x_wconf 84' lang='lat' dir='ltr'>per</span> <span class='ocrx_word' id='word_1_150' title='bbox 936 2000 1055 2053; x_wconf 82' lang='lat' dir='ltr'>vulnera</span> 
     </span>
     <span class='ocr_line' id='line_1_21' title="bbox 207 2076 1053 2151; baseline 0.002 -16"><span class='ocrx_word' id='word_1_151' title='bbox 207 2084 333 2144; x_wconf 76' lang='lat' dir='ltr'>maranti</span> <span class='ocrx_word' id='word_1_152' title='bbox 374 2084 404 2136; x_wconf 90' lang='lat' dir='ltr'>in</span> <span class='ocrx_word' id='word_1_153' title='bbox 430 2095 482 2149; x_wconf 80' lang='lat' dir='ltr'>ono</span> <span class='ocrx_word' id='word_1_154' title='bbox 509 2084 580 2137; x_wconf 92' lang='lat' dir='ltr'>enim</span> <span class='ocrx_word' id='word_1_155' title='bbox 608 2084 718 2149; x_wconf 84' lang='lat' dir='ltr'>clarius,</span> <span class='ocrx_word' id='word_1_156' title='bbox 746 2076 827 2151; x_wconf 86' lang='lat' dir='ltr'>&#39;quam</span> <span class='ocrx_word' id='word_1_157' title='bbox 846 2086 874 2137; x_wconf 91' lang='lat' dir='ltr'>in</span> <span class='ocrx_word' id='word_1_158' title='bbox 892 2085 1053 2138; x_wconf 81' lang='lat' dir='ltr'>vulneribus</span> 
     </span>
     <span class='ocr_line' id='line_1_22' title="bbox 209 2168 1055 2235; baseline 0.005 -14"><span class='ocrx_word' id='word_1_159' title='bbox 209 2169 262 2221; x_wconf 87' lang='lat' dir='ltr'>tuis</span> <span class='ocrx_word' id='word_1_160' title='bbox 279 2168 416 2232; x_wconf 82' lang='lat' dir='ltr'>eluxisset,</span> <span class='ocrx_word' id='word_1_161' title='bbox 449 2170 518 2235; x_wconf 82' lang='lat' dir='ltr'>qnod</span> <span class='ocrx_word' id='word_1_162' title='bbox 535 2174 573 2233; x_wconf 89' lang='lat' dir='ltr'>tn,</span> <span class='ocrx_word' id='word_1_163' title='bbox 605 2170 723 2235; x_wconf 85' lang='lat' dir='ltr'>Domine,</span> <span class='ocrx_word' id='word_1_164' title='bbox 756 2170 845 2223; x_wconf 88' lang='lat' dir='ltr'>suavis</span> <span class='ocrx_word' id='word_1_165' title='bbox 865 2173 891 2223; x_wconf 93' lang='grc' dir='ltr'>ει</span> <span class='ocrx_word' id='word_1_166' title='bbox 908 2170 991 2234; x_wconf 86' lang='lat' dir='ltr'>mitis,</span> <span class='ocrx_word' id='word_1_167' title='bbox 1024 2173 1055 2225; x_wconf 84' lang='lat' dir='ltr'>et</span> 
     </span>
     <span class='ocr_line' id='line_1_23' title="bbox 208 2255 1049 2319; baseline 0.002 -12"><span class='ocrx_word' id='word_1_168' title='bbox 208 2256 310 2307; x_wconf 89' lang='lat' dir='ltr'>mnitae</span> <span class='ocrx_word' id='word_1_169' title='bbox 339 2255 555 2310; x_wconf 78' lang='lat' dir='ltr'>misericordiaei</span> <span class='ocrx_word' id='word_1_170' title='bbox 596 2255 720 2319; x_wconf 80' lang='lat' dir='ltr'>Maiorem</span> <span class='ocrx_word' id='word_1_171' title='bbox 751 2257 821 2309; x_wconf 88' lang='lat' dir='ltr'>enim</span> <span class='ocrx_word' id='word_1_172' title='bbox 851 2255 1049 2310; x_wconf 76' lang='lat' dir='ltr'>miserationem</span> 
     </span>
     <span class='ocr_line' id='line_1_24' title="bbox 208 2339 1051 2417; baseline 0 -24"><span class='ocrx_word' id='word_1_173' title='bbox 208 2352 288 2393; x_wconf 87' lang='lat' dir='ltr'>nemo</span> <span class='ocrx_word' id='word_1_174' title='bbox 315 2339 412 2402; x_wconf 81' lang='lat' dir='ltr'>nabet,</span> <span class='ocrx_word' id='word_1_175' title='bbox 441 2354 519 2407; x_wconf 84' lang='lat' dir='ltr'>quam</span> <span class='ocrx_word' id='word_1_176' title='bbox 545 2348 577 2397; x_wconf 87' lang='lat' dir='ltr'>nt</span> <span class='ocrx_word' id='word_1_177' title='bbox 602 2344 716 2396; x_wconf 89' lang='lat' dir='ltr'>animam</span> <span class='ocrx_word' id='word_1_178' title='bbox 734 2354 809 2417; x_wconf 87' lang='lat' dir='ltr'>snam</span> <span class='ocrx_word' id='word_1_179' title='bbox 823 2346 907 2407; x_wconf 70' lang='lat' dir='ltr'>,ponat</span> <span class='ocrx_word' id='word_1_180' title='bbox 925 2342 983 2407; x_wconf 83' lang='lat' dir='ltr'>ouis</span> <span class='ocrx_word' id='word_1_181' title='bbox 1002 2352 1051 2407; x_wconf 80' lang='lat' dir='ltr'>pro</span> 
     </span>
     <span class='ocr_line' id='line_1_25' title="bbox 210 2426 1049 2492; baseline 0.002 -13"><span class='ocrx_word' id='word_1_182' title='bbox 210 2426 322 2486; x_wconf 79' lang='lat' dir='ltr'>addistis</span> <span class='ocrx_word' id='word_1_183' title='bbox 341 2428 427 2480; x_wconf 88' lang='lat' dir='ltr'>morti</span> <span class='ocrx_word' id='word_1_184' title='bbox 454 2432 481 2481; x_wconf 92' lang='lat' dir='ltr'>et</span> <span class='ocrx_word' id='word_1_185' title='bbox 507 2430 646 2482; x_wconf 88' lang='lat' dir='ltr'>damnatis.</span> <span class='ocrx_word' id='word_1_186' title='bbox 679 2430 764 2481; x_wconf 85' lang='lat' dir='ltr'>iieum</span> <span class='ocrx_word' id='word_1_187' title='bbox 791 2428 903 2492; x_wconf 80' lang='lat' dir='ltr'>proinde</span> <span class='ocrx_word' id='word_1_188' title='bbox 924 2428 1049 2481; x_wconf 85' lang='lat' dir='ltr'>meritum</span> 
     </span>
     <span class='ocr_line' id='line_1_26' title="bbox 210 2512 1048 2568; baseline 0.004 -4"><span class='ocrx_word' id='word_1_189' title='bbox 210 2512 349 2565; x_wconf 85' lang='lat' dir='ltr'>miseratio</span> <span class='ocrx_word' id='word_1_190' title='bbox 368 2513 476 2565; x_wconf 85' lang='lat' dir='ltr'>iiomini.</span> <span class='ocrx_word' id='word_1_191' title='bbox 507 2515 639 2568; x_wconf 78' lang='lat' dir='ltr'>Haamnus</span> <span class='ocrx_word' id='word_1_192' title='bbox 662 2515 690 2567; x_wconf 85' lang='lat' dir='ltr'>ii.</span> <span class='ocrx_word' id='word_1_193' title='bbox 709 2513 871 2566; x_wconf 87' lang='lat' dir='ltr'>Bernnrdus:</span> <span class='ocrx_word' id='word_1_194' title='bbox 902 2514 1048 2567; x_wconf 80' lang='lat' dir='ltr'>Misericor-</span> 
     </span>
     <span class='ocr_line' id='line_1_27' title="bbox 210 2590 1046 2665; baseline 0.001 -15"><span class='ocrx_word' id='word_1_195' title='bbox 210 2598 254 2650; x_wconf 89' lang='lat' dir='ltr'>dia</span> <span class='ocrx_word' id='word_1_196' title='bbox 272 2597 375 2650; x_wconf 85' lang='lat' dir='ltr'>iiomini</span> <span class='ocrx_word' id='word_1_197' title='bbox 394 2598 421 2651; x_wconf 91' lang='lat' dir='ltr'>in</span> <span class='ocrx_word' id='word_1_198' title='bbox 438 2599 530 2651; x_wconf 90' lang='lat' dir='ltr'>moitis</span> <span class='ocrx_word' id='word_1_199' title='bbox 547 2600 646 2663; x_wconf 77' lang='lat' dir='ltr'>patuit:</span> <span class='ocrx_word' id='word_1_200' title='bbox 666 2590 796 2662; x_wconf 71' lang='lat' dir='ltr'>jejunavit</span> <span class='ocrx_word' id='word_1_201' title='bbox 814 2599 894 2661; x_wconf 89' lang='lat' dir='ltr'>enim,</span> <span class='ocrx_word' id='word_1_202' title='bbox 913 2600 1046 2665; x_wconf 81' lang='lat' dir='ltr'>vigilavit,</span> 
     </span>
     <span class='ocr_line' id='line_1_28' title="bbox 209 2670 1047 2751; baseline 0.005 -16"><span class='ocrx_word' id='word_1_203' title='bbox 209 2683 304 2749; x_wconf 86' lang='lat' dir='ltr'>oravit,</span> <span class='ocrx_word' id='word_1_204' title='bbox 323 2670 447 2747; x_wconf 89' lang='lat' dir='ltr'>sudarit,</span> <span class='ocrx_word' id='word_1_205' title='bbox 467 2685 599 2748; x_wconf 88' lang='lat' dir='ltr'>lassatus,</span> <span class='ocrx_word' id='word_1_206' title='bbox 620 2686 788 2746; x_wconf 83' lang='lat' dir='ltr'>lacrimatus,</span> <span class='ocrx_word' id='word_1_207' title='bbox 808 2685 969 2749; x_wconf 77' lang='lat' dir='ltr'>flagellatus,</span> <span class='ocrx_word' id='word_1_208' title='bbox 989 2699 1047 2751; x_wconf 79' lang='lat' dir='ltr'>pas·</span> 
     </span>
     <span class='ocr_line' id='line_1_29' title="bbox 209 2769 1052 2835; baseline 0.002 -12"><span class='ocrx_word' id='word_1_209' title='bbox 209 2782 265 2832; x_wconf 88' lang='lat' dir='ltr'>sus,</span> <span class='ocrx_word' id='word_1_210' title='bbox 285 2769 425 2823; x_wconf 86' lang='lat' dir='ltr'>omeiilrns</span> <span class='ocrx_word' id='word_1_211' title='bbox 443 2769 502 2833; x_wconf 87' lang='lat' dir='ltr'>init,</span> <span class='ocrx_word' id='word_1_212' title='bbox 522 2773 552 2822; x_wconf 91' lang='lat' dir='ltr'>ut</span> <span class='ocrx_word' id='word_1_213' title='bbox 568 2771 597 2823; x_wconf 89' lang='lat' dir='ltr'>in</span> <span class='ocrx_word' id='word_1_214' title='bbox 616 2771 673 2835; x_wconf 87' lang='lat' dir='ltr'>ipso</span> <span class='ocrx_word' id='word_1_215' title='bbox 701 2772 912 2835; x_wconf 79' lang='lat' dir='ltr'>supplementum</span> <span class='ocrx_word' id='word_1_216' title='bbox 931 2772 1052 2827; x_wconf 88' lang='lat' dir='ltr'>omnium-</span> 
     </span>
     <span class='ocr_line' id='line_1_30' title="bbox 210 2855 1050 2933; baseline -0.007 -24"><span class='ocrx_word' id='word_1_217' title='bbox 210 2855 532 2909; x_wconf 82' lang='lat' dir='ltr'>deieotuumnabeamus.</span> <span class='ocrx_word' id='word_1_218' title='bbox 1043 2890 1050 2933; x_wconf 70' lang='lat'>4</span> 
     </span>
    </p>

    <p class='ocr_par' dir='ltr' id='par_1_4' title="bbox 210 2940 1048 3179">
     <span class='ocr_line' id='line_1_31' title="bbox 281 2940 1048 3003; baseline 0.001 -7"><span class='ocrx_word' id='word_1_219' title='bbox 281 2942 308 2996; x_wconf 85' lang='lat'>3.</span> <span class='ocrx_word' id='word_1_220' title='bbox 327 2941 365 2995; x_wconf 77' lang='lat' dir='ltr'>id</span> <span class='ocrx_word' id='word_1_221' title='bbox 383 2952 473 2993; x_wconf 87' lang='lat' dir='ltr'>reram</span> <span class='ocrx_word' id='word_1_222' title='bbox 491 2951 565 3003; x_wconf 81' lang='lat' dir='ltr'>soem</span> <span class='ocrx_word' id='word_1_223' title='bbox 583 2940 752 2993; x_wconf 82' lang='lat' dir='ltr'>beatitudinis</span> <span class='ocrx_word' id='word_1_224' title='bbox 766 2942 890 2995; x_wconf 79' lang='lat' dir='ltr'>inducere</span> <span class='ocrx_word' id='word_1_225' title='bbox 902 2954 950 2995; x_wconf 90' lang='lat' dir='ltr'>nos</span> <span class='ocrx_word' id='word_1_226' title='bbox 970 2944 1048 2997; x_wconf 82' lang='lat' dir='ltr'>debet</span> 
     </span>
     <span class='ocr_line' id='line_1_32' title="bbox 211 3026 1045 3093; baseline 0.004 -14"><span class='ocrx_word' id='word_1_227' title='bbox 211 3026 449 3081; x_wconf 79' lang='lat' dir='ltr'>excellentissimus</span> <span class='ocrx_word' id='word_1_228' title='bbox 477 3036 549 3077; x_wconf 86' lang='lat' dir='ltr'>amor</span> <span class='ocrx_word' id='word_1_229' title='bbox 564 3026 626 3078; x_wconf 87' lang='lat' dir='ltr'>iesu</span> <span class='ocrx_word' id='word_1_230' title='bbox 646 3026 757 3089; x_wconf 83' lang='lat' dir='ltr'>cirristi,</span> <span class='ocrx_word' id='word_1_231' title='bbox 786 3038 837 3091; x_wconf 88' lang='lat' dir='ltr'>quo</span> <span class='ocrx_word' id='word_1_232' title='bbox 860 3040 919 3081; x_wconf 87' lang='lat' dir='ltr'>eum</span> <span class='ocrx_word' id='word_1_233' title='bbox 938 3032 1045 3093; x_wconf 79' lang='lat' dir='ltr'>cogente</span> 
     </span>
     <span class='ocr_line' id='line_1_33' title="bbox 210 3110 1044 3179; baseline 0.004 -15"><span class='ocrx_word' id='word_1_234' title='bbox 210 3124 271 3165; x_wconf 84' lang='lat' dir='ltr'>enni</span> <span class='ocrx_word' id='word_1_235' title='bbox 290 3116 363 3167; x_wconf 88' lang='lat' dir='ltr'>tanta</span> <span class='ocrx_word' id='word_1_236' title='bbox 382 3110 556 3165; x_wconf 85' lang='lat' dir='ltr'>amaritudine</span> <span class='ocrx_word' id='word_1_237' title='bbox 572 3112 685 3164; x_wconf 88' lang='lat' dir='ltr'>salutem</span> <span class='ocrx_word' id='word_1_238' title='bbox 708 3116 823 3165; x_wconf 87' lang='lat' dir='ltr'>nostram</span> <span class='ocrx_word' id='word_1_239' title='bbox 846 3114 922 3167; x_wconf 86' lang='lat' dir='ltr'>nobis</span> <span class='ocrx_word' id='word_1_240' title='bbox 944 3126 1044 3179; x_wconf 81' lang='lat' dir='ltr'>prome·</span> 
     </span>
    </p>
   </div>
   <div class='ocr_carea' id='block_1_4' title="bbox 0 0 1198 3759">
    <p class='ocr_par' dir='ltr' id='par_1_5' title="bbox 0 0 1198 3759">
     <span class='ocr_line' id='line_1_34' title="bbox 0 0 1198 3759; baseline 0 0"><span class='ocrx_word' id='word_1_241' title='bbox 0 0 1198 3759; x_wconf 95' lang='lat' dir='ltr'> </span> 
     </span>
    </p>
   </div>
  </div>
 </body>
</html>
