2384 3759
594 341 646 398 ito

478 579 636 650 CAPUT
658 579 756 644 XIII.

205 744 254 800 lie
277 741 380 797 tribus
398 737 615 806 mirabilibus,
642 749 723 805 quoe
742 735 990 791 considerentur
1005 736 1037 792 in

352 842 500 913 eorporis
520 840 648 896 christi
667 839 886 910 possessione.

277 1010 324 1062 iiie
354 1008 493 1061 dicendum
520 1008 561 1058 est
592 1006 626 1058 de
656 1006 738 1058 tribus
766 1005 947 1069 mirabilibus,
976 1017 1041 1070 quee

207 1097 275 1150 dunt
291 1096 386 1146 virtute
405 1096 432 1145 et
448 1093 610 1154 perfectione
630 1092 829 1144 consecrationis
856 1095 884 1145 et
902 1091 1042 1144 attendun-

208 1189 251 1236 tur
269 1183 296 1233 in
314 1180 430 1243 ejusdem
448 1180 613 1242 possessione
635 1183 738 1243 etpost
756 1179 981 1232 consecrationem
999 1179 1042 1230 ed-

209 1273 260 1322 due
276 1266 411 1318 nobiseum
429 1267 564 1318 hebemus.

278 1351 391 1404 Primum
408 1350 528 1404 mirabile
546 1353 660 1416 signum,
681 1352 746 1416 quod
767 1352 793 1404 in
812 1352 979 1414 possessione
999 1351 1044 1405 do·

209 1437 299 1492 miniei
312 1438 428 1500 eorporis
439 1449 535 1501 magno
553 1449 596 1489 res
615 1451 650 1491 se.
668 1451 759 1501 eorpus
773 1437 874 1490 Domini
894 1438 1045 1490 continetur

209 1527 259 1578 sub
285 1529 337 1576 tem
364 1536 444 1588 parve
463 1525 551 1588 speeie
569 1527 654 1588 penis,
684 1525 757 1590 eujus
776 1524 926 1589 assignetur
944 1525 1045 1588 triplex

208 1613 288 1666 redo:

279 1701 364 1752 Prima
380 1698 447 1751 ratio
466 1699 507 1750 est
524 1697 713 1751 demonstratio
731 1695 918 1760 magnitudinis
934 1697 1044 1760 ‘sepien-

210 1784 388 1840 tiae-artificis
415 1788 505 1836 tentem
532 1783 572 1836 rei
602 1797 637 1836 se.
658 1783 764 1846 spin'tus
791 1783 883 1834 saneti.
921 1779 1045 1834 Videmus

211 1873 290 1932 enim,
320 1871 389 1935 quod
415 1869 539 1932 ertidees,
567 1873 664 1934 querito
690 1871 751 1920 sunt
778 1869 804 1920 in
832 1871 887 1920 erte
906 1863 1045 1931 sculpendi

210 1958 358 2022 peritiores,
389 1961 463 2009 tento
489 1957 612 2019 seuipunt
629 1955 758 2017 imagines
775 1953 932 2006 subtiliores.
970 1955 1046 2006 Unde

210 2045 233 2096 si
252 2043 395 2096 artificibus
406 2041 552 2094 ostenditur
564 2053 667 2105 gemme
679 2041 721 2092 vel
732 2041 833 2093 metelli
845 2040 956 2093 materie
967 2041 1046 2094 uelde

211 2141 294 2193 parve
312 2133 340 2181 et
356 2131 463 2193 rogetur
481 2130 507 2180 in
526 2140 558 2179 ee
577 2129 663 2191 imago
681 2127 738 2178 deri
756 2125 937 2190 subtilissime,
958 2129 1046 2179 minus

211 2215 316 2266 subtilis
333 2215 430 2265 ertitex
447 2213 627 2276 respondebit,
649 2213 717 2277 qnod
736 2223 793 2264 eum
811 2213 896 2265 terere
913 2225 968 2264 non
987 2225 1046 2277 pos·

212 2301 255 2362 sit,
276 2299 345 2363 duod
364 2299 478 2350 menime
502 2299 608 2351 subtilis
627 2299 653 2352 in
672 2303 729 2352 erte
747 2299 826 2352 iueiie
846 2299 915 2352 feeit.
952 2299 996 2353 sie
1016 2299 1046 2351 ed

213 2386 442 2438 demonstrandam
463 2386 620 2449 sapientium
639 2385 745 2448 spiritus
765 2384 849 2437 saneti
868 2385 916 2437 sub
937 2385 1047 2438 minime
1081 2429 1083 2434 .

212 2471 301 2535 speeie
327 2473 489 2524 sacrementi
516 2473 596 2525 facite
623 2483 681 2524 esse
707 2469 821 2522 feeit-
840 2473 923 2522 totum
952 2483 1047 2536 corpus

214 2556 316 2611 christi.
354 2558 421 2608 ltine
439 2558 500 2620 sep.¹
515 2559 540 2618 i,
554 2557 613 2610 22:
634 2557 745 2620 Spiritus
757 2559 862 2608 sanetus
879 2557 978 2610 dieitur
991 2569 1046 2609 esse

213 2642 326 2696 subtilis.
365 2643 420 2694 Non
438 2644 508 2695 enim
527 2647 614 2708 potest
632 2645 656 2695 ei
676 2647 728 2694 tem
746 2643 869 2696 subtilem
882 2647 984 2706 purtem
1003 2657 1047 2707 pe·

213 2731 256 2782 nis
281 2741 427 2793 proponere
448 2731 473 2781 in
492 2732 589 2794 Alteri,
620 2731 682 2794 quin
708 2730 774 2782 sciet
796 2733 823 2782 et
840 2730 925 2792 possit
943 2742 1003 2782 eum
1021 2733 1045 2783 in

213 2829 305 2870 uerum
329 2827 421 2878 eorpus
441 2817 536 2869 christi
565 2819 726 2869 convertere.
763 2816 896 2868 temese:
917 2817 1046 2878 Quomodo
1072 2821 1080 2844 ·

214 2901 262 2954 det
279 2904 337 2965 doe,
358 2901 396 2954 eit
412 2901 501 2964 virgo:
532 2901 653 2963 quonium
672 2903 756 2954 virum
774 2913 826 2954 non
845 2906 991 2965 cognosco?
1008 2915 1046 2955 re·

214 2985 321 3048 spondit
348 2986 471 3048 angelus:
500 2984 612 3047 Spiritus
638 2989 744 3038 sanetus
771 2988 942 3051 superveniet
968 2988 996 3040 ln
1022 2993 1045 3042 te

216 3069 297 3127 (Luc.
313 3067 338 3130 1,
353 3068 410 3128 34.)
446 3070 478 3120 Et
495 3071 523 3118 tu
542 3070 644 3132 quaeris
657 3073 785 3135 quomodo
803 3073 878 3136 punis
896 3073 944 3126 det
955 3085 1045 3139 eorpus

216 3154 328 3205 Christi?
362 3156 393 3205 iit
410 3165 458 3216 ego
477 3153 535 3205 dieo
554 3152 613 3204 tibi:
633 3157 744 3217 spiritus
756 3163 862 3212 sanetus
875 3163 1041 3227 superveniet
