2384 3759
534 392 567 447 91

126 536 224 590 debeat
243 537 323 589 lnomo
336 533 473 599 superiori,
493 538 616 598 quantam
630 534 796 588 elementiam
809 534 928 589 interiori
942 541 971 590 el

124 622 348 687 compassionem,
364 625 391 673 et
402 620 506 685 qualem
518 620 670 672 societatem
683 622 799 685 aequali;
815 622 930 687 qualiter
940 634 971 675 se

122 710 225 761 debeat
237 706 338 759 nabere
351 706 384 758 ad
397 710 521 770 mortuos,
534 705 649 770 qualiter
657 704 690 756 ad
707 705 797 758 vivos:
810 708 925 773 qualiter
935 709 970 761 ad

125 793 356 857 praedecessores,
377 794 404 841 et
421 790 534 854 qualiter
552 791 585 843 ad
607 802 783 845 successores:
804 794 919 857 qualiter
936 795 970 847 ad

124 879 238 939 ammos,
252 881 284 929 nt
294 874 438 939 diligantur
449 874 476 926 in
485 874 553 940 lleo;
574 879 602 927 et
614 874 727 940 qualiter
739 877 772 929 ad
791 878 921 942 inimicos,
939 882 973 933 at

122 965 274 1028 diligamur
282 964 391 1025 propter
402 959 499 1014 Deum:
518 962 632 1025 qualiter
643 974 730 1014 coram
743 961 796 1016 lteo
810 962 923 1025 occulte,
943 966 973 1015 et

122 1049 243 1114 qualiter
256 1058 317 1099 cnm
328 1044 475 1099 nominibus
484 1046 638 1099 manifeste:
652 1056 720 1111 quae
728 1047 838 1099 reiectio
848 1046 931 1109 carni,
943 1054 972 1101 et

121 1148 192 1201 quae
202 1133 311 1197 spiritui
321 1131 495 1194 impendenda
504 1132 551 1184 sit:
566 1132 661 1197 quinus
672 1132 785 1185 uestibus
796 1133 971 1187 induendum:

120 1220 232 1285 quando
251 1216 459 1280 comedendum,
489 1218 592 1282 quando
611 1217 753 1271 bibendum
764 1256 772 1287 ,
798 1219 903 1285 quando
923 1220 970 1272 alr-

119 1305 297 1367 stinendum,
328 1308 355 1355 et
380 1306 523 1367 quantum,
552 1308 612 1356 eta
635 1305 729 1370 quidus
754 1305 834 1359 ciuis:
863 1307 970 1371 quando

123 1389 305 1455 vigilandum,
326 1388 431 1453 quaudo
450 1387 640 1453 dormiendum,
662 1391 688 1442 et
700 1383 825 1455 quantum
839 1396 866 1444 et
878 1404 969 1457 quam·

119 1477 184 1529 diu:
215 1473 323 1540 quando
342 1473 487 1535 orandum,
516 1476 620 1539 quando
648 1474 780 1539 flendum,
810 1480 837 1529 et
863 1479 970 1543 quando

119 1561 232 1625 aliquod
261 1571 327 1623 opus
355 1560 519 1612 iaciendum:
548 1560 677 1625 quomodo
704 1574 732 1614 se
759 1562 909 1615 habendum
935 1564 969 1615 ad

121 1648 253 1708 landem,
283 1649 310 1697 et
335 1644 463 1709 quomodo
482 1646 515 1697 ad
533 1649 778 1710 reprehensionem:
807 1650 911 1713 quando
929 1650 969 1701 lo-

120 1732 272 1798 quendum,
294 1736 321 1783 et
338 1731 442 1796 quando
466 1734 619 1787 tacendum:
644 1738 788 1800 quonium,
813 1734 908 1798 quinus
935 1734 970 1785 dc

120 1819 223 1881 causis,
248 1828 307 1870 cum
325 1816 428 1881 quinus,
449 1830 499 1883 quo
518 1820 585 1883 loco,
606 1826 633 1873 et
647 1832 697 1887 quo
709 1826 842 1883 tempore:
862 1818 971 1885 quaudo

123 1904 331 1969 accipiendum,
359 1903 461 1967 quando
479 1906 664 1970 retinendum,
686 1910 711 1958 et
731 1904 835 1971 quando
854 1904 970 1969 largien-

121 1992 205 2053 dnm;
226 1995 254 2043 et
271 1992 406 2055 quantum,
426 1994 453 2043 et
471 1986 574 2055 quinus,
595 1995 621 2045 et
641 2002 691 2057 quo
710 1997 837 2055 tempore.
864 1990 901 2043 lle
914 2002 970 2043 om·

124 2078 205 2130 nibus
224 2072 266 2127 inis
285 2074 422 2138 ordinare,
450 2080 478 2128 et
503 2076 645 2141 prudenter
671 2076 817 2141 diiudicare
844 2081 885 2129 esi
903 2088 967 2129 vera

122 2162 261 2214 discretio.
296 2160 366 2213 llaec
385 2160 468 2213 uirtus
486 2164 527 2213 est
545 2162 671 2227 magistra
689 2163 807 2216 onmium
826 2162 964 2228 uirtutum,

125 2251 248 2301 statuens
267 2246 387 2299 omnibus
404 2248 508 2299 modum
528 2252 554 2301 et
572 2250 699 2303 ordinem.
737 2248 787 2302 Ubi
805 2254 894 2303 antem
913 2250 967 2303 dis·

124 2331 211 2384 cretio
231 2334 354 2393 nonem,
380 2329 416 2381 lbi
442 2331 537 2384 cantas
563 2345 617 2386 non
636 2337 725 2387 seruat
742 2334 876 2407 ordinem,
902 2336 968 2401 qnid

125 2420 224 2482 primo,
243 2416 306 2481 quid
318 2421 448 2480 postremo
461 2416 624 2483 diligendum
637 2424 691 2485 est;
710 2432 759 2473 nec
771 2422 887 2485 modum,
906 2422 968 2487 qnid
1054 2440 1056 2443 ·

127 2507 227 2566 minus,
248 2502 311 2568 quid
330 2504 441 2567 amplius
458 2506 621 2570 diligendam
638 2505 682 2568 sit,
701 2507 784 2559 nouit.
823 2506 912 2575 Neque
931 2508 969 2561 ilii

125 2591 192 2644 ordo
212 2593 342 2652 seruatur,
361 2592 470 2644 testei).
485 2590 643 2655 Augustino:
664 2590 720 2655 Uiri,
741 2592 836 2657 inquit,
857 2594 969 2647 nimium

126 2678 253 2730 seruatur
270 2674 412 2739 humilitas,
431 2678 546 2741 regentis
565 2676 695 2741 frangitur
712 2680 863 2733 auotoritas.

201 2762 268 2815 item
285 2760 435 2815 obedientia
452 2775 530 2816 caeca
548 2768 576 2815 et
592 2764 674 2817 stulta
692 2768 741 2827 est,
762 2778 821 2819 eum
840 2766 920 2819 etiam
940 2764 969 2817 in

129 2848 209 2902 malis
226 2846 310 2900 credit
327 2848 586 2902 odediendumesse.
624 2848 663 2903 toi
691 2851 770 2903 etlam
798 2852 907 2915 largitas
929 2850 969 2901 ni·

128 2937 213 2988 mium
231 2946 260 2987 se
287 2934 415 2998 edirndit,
442 2948 502 2988 cnm
529 2932 699 2987 histrionibus
726 2934 783 2987 sine
810 2934 971 2987 necessitate

129 3022 216 3075 datur.
256 3018 295 3073 lbl
313 3021 390 3073 timor
407 3022 435 3073 in
453 3020 663 3084 desperationem
686 3020 826 3083 dellclmr,
852 3030 914 3083 span
941 3016 971 3069 in

131 3104 355 3171 praesumtionem
374 3107 542 3160 convertitur.
579 3105 619 3159 lbi
633 3104 737 3169 lustitia
749 3101 858 3153 nimiam
870 3100 971 3153 severi·

132 3193 215 3244 tatem
235 3189 406 3243 demonstrat.
443 3190 484 3243 lbi
501 3188 648 3253 patientia,
677 3177 877 3245 misericordia,
896 3193 972 3233 maa·
