2384 3759
534 383 577 436 vu

132 539 217 601 quae
247 517 284 580 in
298 570 300 574 .
314 515 376 580 hae
398 515 496 580 animi
517 515 710 584 reatitudine
736 527 769 584 et
789 519 875 586 vitae
897 541 973 585 san·

133 621 244 686 etitate
267 641 495 706 perseverans,
529 617 631 707 digna
652 641 728 688 sane
750 623 878 707 existit,
915 623 969 690 cui

133 725 255 788 corona
278 721 401 808 gloriae
422 723 617 808 imponatur.
724 727 727 732 ’
809 802 812 812 Ι

541 845 572 910 4.

221 962 371 1030 Virtutes
404 963 636 1030 christianas
672 987 770 1032 nosse
803 974 835 1031 et
867 963 973 1031 colere

132 1067 292 1134 Albertus
324 1089 384 1134 nos
417 1065 532 1152 docet,
565 1069 642 1154 quia
664 1065 763 1157 (Cap.
785 1069 830 1156 Ι.)
854 1067 975 1135 chari-

132 1179 248 1236 tatem
280 1168 394 1254 docet,
433 1193 536 1256 quae,
573 1181 611 1236 ut
635 1171 739 1260 ipsius
760 1173 869 1241 verbis
891 1181 974 1255 utar,

134 1273 304 1340 omnium
341 1275 529 1340 virtutum
567 1287 687 1342 mater
719 1287 777 1342 est
808 1285 844 1342 et
866 1299 972 1342 orna-

132 1385 319 1460 mentum,
350 1378 494 1444 omnium
525 1367 681 1445 virtutum
712 1381 803 1468 origo
835 1389 868 1448 et
887 1381 974 1448 finis>

132 1482 281 1548 omnium
302 1480 412 1568 legum
428 1479 628 1566 adimpletio,
650 1483 750 1550 totius
764 1483 973 1570 perfectionis

132 1569 299 1668 monitura,
324 1593 356 1650 et
377 1607 471 1672 uerae
494 1585 656 1652 beatitatis
679 1587 886 1674 principium.

539 1715 577 1790 ὅ.

220 1832 370 1898 Virtutes
408 1831 644 1899 christianas
679 1855 779 1899 nosse
810 1843 843 1898 et
864 1832 972 1899 colere

131 1937 291 2005 Albertus
313 1958 373 2001 nos
396 1934 502 2019 docet,
526 1937 603 2020 quia
616 1932 714 2022 (Cap.
726 1935 843 2021 XXI.)
866 1957 971 2021 spem

133 2040 250 2122 docet,
289 2061 373 2124 quae
409 2062 449 2104 ex
479 2037 545 2104 fide
571 2049 605 2105 et
627 2037 783 2104 charitate
803 2048 973 2124 prognata,

133 2130 527 2230 oertam'expeotationem
547 2143 674 2208 futurae
687 2139 849 2208 beatitatis
864 2141 973 2208 animo

134 2247 263 2328 inserit,
293 2247 488 2332 insitamque
510 2257 681 2314 conservat
702 2254 735 2312 et
756 2254 866 2333 auget3
889 2269 973 2331 quae

133 2352 271 2417 viriiiter
291 2351 414 2417 resistit
439 2351 581 2436 peccatis
603 2359 876 2436 peccatorumque
896 2349 969 2416 ille·

133 2457 260 2538 cebriS,
291 2455 417 2520 fortiter
438 2453 592 2539 perdurat
612 2455 650 2518 in
670 2453 868 2539 exequendis
892 2477 966 2519 san-

134 2561 194 2626 etis
218 2558 405 2646 propositis,
427 2581 535 2624 rerum
550 2557 687 2642 vicibus,
711 2557 837 2622 etiamsi
858 2557 968 2624 turbe·

132 2676 196 2748 tur,
219 2685 286 2728 non
307 2673 415 2728 tamen
438 2662 664 2748 perturbatur,
694 2661 811 2727 necin
831 2659 971 2725 toleran-

134 2766 184 2834 dis
215 2776 349 2854 propter
370 2766 530 2853 justitiam
558 2775 590 2830 et
610 2788 746 2852 regnum
768 2762 834 2829 Dei
856 2761 972 2828 adver·

133 2872 178 2938 sis
210 2871 386 2956 frangiturr
423 2891 526 2954 quae,
562 2867 640 2934 lieet
673 2876 861 2933 constanter
879 2888 915 2930 se
936 2865 972 2928 in

133 2975 228 3041 bonis
252 2975 406 3059 operibus
428 2981 585 3056 exerceat,
617 2980 727 3036 tamen
749 2988 915 3052 nunquam
936 2965 971 3027 in

134 3080 201 3144 suis
224 3078 369 3160 meritis,
402 3075 461 3143 sed
491 3076 597 3142 solum
619 3075 654 3138 in
677 3065 975 3155 superabundantia

133 3182 295 3270 largitatis
318 3179 446 3246 divinae
470 3176 614 3244 confidit.
