2384 3759
537 388 554 444 9

119 534 286 594 tegumento
297 528 454 586 extrinseco.
474 528 619 582 seeundum
637 529 717 581 iliud:
738 529 852 583 omittes
870 543 964 595 eorpo-

118 615 167 676 ris,
187 619 217 667 et
234 614 307 666 risus
325 613 460 675 dentium,
485 617 514 666 et
540 615 674 678 ingressus
693 616 804 668 hominis
821 617 963 670 enuntient

118 702 154 754 uie
171 701 232 753 iiio.
256 697 357 763 (Eucti.
378 695 422 760 19,
436 695 489 764 ti.)
507 700 580 753 sieut
598 699 675 754 orior
693 701 761 754 ioue
778 703 822 754 vei
839 703 910 754 meir
927 713 962 756 er

119 787 212 840 imetu
239 785 312 838 bono
339 787 383 838 uel
400 787 470 838 meio
488 787 674 850 perpenditur:
707 787 768 852 quie
785 788 872 840 omniu
890 789 960 842 ieet·

119 884 155 924 ex
174 872 269 934 eorde,
289 871 355 922 olias
373 871 540 934 cogitatione,
559 872 718 935 procedunt,
738 877 768 926 ut
785 871 850 924 dieit
866 873 895 924 it.
912 877 964 926 Au·

119 955 258 1022 gostinus.
295 956 369 1008 Sieut
394 955 458 1010 odor
480 958 582 1020 bouus,
614 957 655 1010 vei
673 958 758 1011 mutue
776 971 810 1010 er
827 959 965 1010 stomeeoo

120 1044 288 1106 incorrupto,
309 1045 351 1096 vei
370 1045 491 1107 corrupto
508 1043 688 1106 progreditur:
716 1047 746 1094 ut
772 1055 806 1096 er
824 1040 965 1106 speciebus

120 1130 203 1183 bonis
221 1130 268 1182 vei
285 1129 360 1180 maiis
378 1130 405 1182 io
423 1130 556 1182 stomueim
573 1127 703 1192 repositis.
740 1130 771 1182 iit
792 1129 861 1182 sieut
879 1129 965 1192 impu·

120 1215 200 1267 dieue
219 1215 331 1278 oculus,
350 1217 417 1268 teste
435 1213 464 1266 o.
484 1213 648 1277 Augustino,
676 1214 799 1278 impudici
817 1214 903 1268 eorois
922 1219 964 1267 eet

120 1301 252 1353 nuntius:
280 1298 318 1351 ite
335 1299 410 1363 signu
428 1300 559 1352 exteriora
585 1300 699 1363 produnt
721 1301 856 1354 homiuum
874 1301 964 1354 inteo-

77 1415 84 1422 -
120 1386 236 1438 ponem.
267 1386 425 1448 Argiumeuto
441 1385 581 1438 intriueeeo
599 1387 706 1459 ugnosei
724 1391 810 1449 potest
826 1386 963 1449 superbia,
1063 1377 1067 1385 '

121 1483 185 1523 eum
204 1469 303 1533 aliquis
320 1469 347 1522 iu
366 1455 443 1524 eorde
460 1471 510 1524 sibi
528 1471 579 1534 ipei
595 1472 691 1535 piueet,
711 1473 771 1524 uiiis
788 1484 818 1524 se
835 1473 963 1536 praefert,

120 1561 151 1609 et
168 1555 299 1620 praeferri
317 1556 458 1620 desideret,
477 1569 588 1622 eumque
606 1559 635 1611 iu
652 1558 729 1611 ieeur
745 1559 800 1611 suis
812 1557 964 1611 hominibus

122 1643 233 1705 pireere
246 1641 379 1694 desideret
390 1645 416 1696 et
427 1643 540 1696 effectui.
561 1644 630 1698 Telis
647 1656 707 1698 eum
724 1644 817 1698 uumiii
834 1644 964 1706 magistro

119 1728 187 1782 iesu
205 1727 309 1780 chrisio
336 1739 388 1780 oon
414 1729 571 1793 coneordat,
597 1731 641 1794 qui
658 1743 708 1784 met
724 1731 776 1783 eibi
793 1727 963 1792 eompieeuit,

122 1815 192 1866 teste
211 1801 337 1876 ipeemio
354 1813 442 1876 Paulo,
471 1815 519 1866 sed
545 1816 733 1880 improperium
758 1815 895 1866 homiuum
917 1823 966 1864 ex·

122 1898 243 1962 pecierit
255 1901 288 1949 ei
300 1898 439 1952 miserium.
469 1900 521 1953 Nee
539 1901 613 1954 venii
629 1911 763 1964 proeesse,
781 1897 830 1950 seui
841 1897 964 1956 subesse.

122 1981 181 2047 ipso
208 1984 291 2034 teste:
323 1982 402 2047 iilius
430 1984 540 2038 hominis
559 1997 613 2038 mou
630 1986 706 2038 veuit
721 1983 884 2043 ministroli,
917 1981 964 2032 seu

122 2067 285 2122 minumum.
305 2067 421 2133 (diuiti.
441 2067 484 2132 20,
498 2067 557 2129 28.)
579 2070 643 2124 ideo
660 2069 723 2123 ielis
740 2068 867 2134 magister
883 2067 965 2119 disei-

122 2155 258 2218 puiorum,
278 2156 323 2220 qui
340 2167 392 2210 uon
410 2158 480 2220 Deo,
505 2157 553 2210 seii
571 2156 719 2210 homiuibus
736 2157 842 2221 pieeere
860 2155 964 2215 voiuut,

121 2239 239 2303 dissipet
255 2252 318 2293 osse
335 2241 479 2305 virtutum,
500 2245 562 2308 eui,
582 2248 650 2298 teste
667 2243 823 2306 Pseimistu‚
852 2243 962 2297 tenuem
979 2313 981 2316 Α

122 2327 331 2391 contundentur,
351 2330 474 2393 quonium
491 2330 559 2382 iieus
576 2331 677 2394 sprevit
693 2342 748 2382 eos.
773 2329 833 2394 (Po.
853 2327 899 2394 52,
917 2326 964 2391 6.)

307 2641 310 2648 ¹
426 2563 581 2633 CAPUT
603 2565 666 2631 ΙΠ.

327 2699 376 2756 lie
394 2692 575 2757 obedientie
593 2701 635 2758 eil
651 2701 766 2759 lieum.

197 2837 222 2890 1.
240 2838 395 2892 obedientie
413 2851 476 2894 veru
494 2843 521 2892 ei
538 2840 654 2904 perieetu
672 2846 713 2894 eet
729 2842 764 2894 eii
781 2843 875 2903 iteum,
895 2853 955 2895 oum

123 2918 204 2978 honio
232 2923 374 2988 diiigenter
400 2929 427 2977 et
449 2937 528 2989 saepe
546 2926 692 2990 recogitet,
720 2927 783 2992 uuio
801 2929 916 2982 maxime
933 2929 962 2977 et

123 3009 247 3076 quolibet
274 3013 393 3075 tempore
422 3021 449 3066 ei
478 3013 535 3066 loeo
565 3013 668 3076 plueert
685 3014 755 3073 iieo,
787 3017 815 3065 et
844 3011 878 3062 ou
899 3008 962 3072 quio

123 3097 234 3160 sopiens
261 3095 329 3150 oeus
359 3109 419 3152 eum
446 3098 586 3161 praecipue
604 3097 755 3158 ordinavit,
785 3099 813 3146 et
838 3096 888 3144 uoe
907 3094 963 3142 toto

124 3185 187 3238 uisu
204 3193 311 3248 semper
327 3184 438 3248 implere
455 3185 596 3240 contenuit.
