2384 3759
587 375 639 432 158

268 518 388 572 seouuda
406 515 551 569 similitudo
567 513 686 580 eiusdem
703 512 814 566 sumitur
835 513 1036 567 acouveraioue

199 603 343 668 aoirituail,
362 603 395 655 de
413 613 465 667 oua
482 602 502 654 l.
521 601 582 664 ilex.
597 595 641 663 10,
656 598 681 652 6.
702 599 765 652 diolt
782 601 888 652 samuel
907 600 941 652 ad
961 602 1035 663 Saul,

201 690 244 755 qui
262 688 395 754 alguiiaat
411 688 588 752 peecatorem:
608 684 711 738 insiliet
727 686 754 740 iu
773 688 799 736 ie
811 687 919 749 spiritus
931 686 1035 740 domiui

201 778 229 827 et
245 773 387 827 mutaberis
405 771 433 824 lu
450 771 537 824 ulrum
555 770 652 822 allum:
672 769 701 822 lu
719 783 771 836 qua
788 772 962 825 conversione
981 772 1036 826 sive

200 861 346 915 mutatione
364 863 475 925 quatuor
493 855 548 920 iam
566 867 646 918 supra
665 855 734 909 diota
753 857 943 910 consideranda
964 861 1033 911 suut.

200 947 232 1002 ln
249 949 321 1000 statu
337 945 408 998 euim
425 942 528 1008 omenti
544 946 634 994 noster
646 944 723 994 uoruo
741 943 855 996 exterior
867 945 981 1008 pulcher
998 948 1037 997 est

202 1037 231 1086 et
246 1046 336 1098 sauua,
353 1031 401 1084 oed
413 1033 490 1084 domo
509 1029 621 1083 interior
633 1029 808 1082 amaritudine
826 1033 853 1082 ei
870 1031 975 1094 oeooati
993 1041 1037 1084 re·

202 1131 271 1172 oeno
297 1120 393 1184 olenus
418 1119 448 1168 et
471 1120 603 1179 aegrotos.
640 1113 686 1166 iiio
708 1115 770 1168 dum
787 1117 974 1192 perspiritum
992 1117 1038 1170 iiel

202 1201 463 1266 eonvertituraoeoie
479 1203 595 1265 eorporis
607 1205 738 1263 mouente,
757 1203 872 1256 exterior
889 1202 1038 1256 amaritudo

204 1296 232 1344 et
247 1291 360 1352 languor
375 1288 478 1352 peceati
495 1289 604 1341 interior
621 1288 649 1339 iu
667 1287 833 1342 dulcedinem
853 1293 880 1342 et
897 1291 1038 1342 sanitatem

203 1375 304 1442 madae
321 1378 503 1428 commutatur.
533 1374 657 1436 Primum,
677 1387 714 1426 so.
734 1375 837 1438 species
855 1377 975 1439 eorporis
993 1389 1038 1430 ex·

204 1462 285 1515 terior
301 1464 407 1523 mauet3
424 1460 577 1524 seeundum,
597 1472 634 1512 sc.
648 1461 795 1514 amaritudo
809 1463 910 1524 noeroil
928 1463 1038 1516 interior

204 1546 299 1602 transit
315 1546 343 1598 iu
356 1550 475 1611 quartum
495 1545 511 1598 i
528 1558 553 1597 e.
572 1545 739 1600 dulcedinem
760 1548 860 1610 gratiae
878 1550 906 1600 et
924 1549 976 1601 iuou
993 1561 1040 1614 por

204 1632 319 1698 tertium,
336 1645 374 1685 ao
399 1643 447 1696 ner
471 1632 592 1694 solutum
611 1631 665 1684 liei.
701 1631 832 1696 ingenius
855 1633 888 1684 ad
907 1635 1040 1698 quendam

205 1730 373 1774 eonveroum:
401 1719 502 1782 Quanta
528 1722 556 1768 et
571 1729 651 1782 quam
675 1719 833 1772 celebrando
851 1718 983 1774 ueuetlola
1000 1721 1040 1774 ris

205 1807 312 1860 divinae
330 1804 454 1858 nouitatis
471 1807 603 1868 operatur,
627 1804 739 1870 eoquod
759 1815 810 1856 nou
829 1803 877 1856 tioi
895 1817 996 1858 novum
1015 1811 1042 1858 et

205 1892 367 1957 impossibiie
394 1903 452 1943 ease
479 1891 584 1953 deleat,
613 1891 681 1955 quod
708 1891 735 1944 in
754 1890 847 1944 Christi
864 1892 1040 1946 substantiam

206 1982 310 2033 terrena
327 1980 522 2038 convertuntur,
541 1977 656 2040 teipsum
674 1975 814 2040 interroga,
836 1979 879 2042 oui
898 1979 1041 2042 praeterita

205 2066 310 2120 uilitate
336 2063 454 2129 deposita
480 2061 567 2114 subito
596 2073 693 2115 novam
710 2062 817 2115 indutus
840 2077 867 2116 es
885 2065 1040 2130 bonitatem,

206 2150 235 2204 in
253 2150 376 2204 exteriori
401 2143 468 2204 uituli
486 2148 615 2212 additum,
643 2151 724 2200 totum
743 2155 784 2202 est
802 2150 828 2202 in
844 2151 966 2206 interiori
985 2166 1041 2207 mu·

206 2243 298 2292 tatum.

276 2325 361 2382 lerda
386 2325 531 2380 similitudo
557 2323 676 2388 eiusdem
702 2323 814 2378 sumitur
840 2324 1041 2380 demutatione

204 2413 330 2466 naturali.
368 2413 491 2465 videmus
509 2411 589 2475 enlm,
609 2410 677 2476 quod
704 2421 753 2463 ova
772 2417 905 2476 ponuntur
922 2413 973 2466 sud
993 2423 1041 2466 are

205 2504 233 2552 et
249 2511 297 2562 ner
312 2501 434 2552 naturam
451 2502 587 2552 mutantur
604 2498 632 2550 iu
649 2507 772 2560 oannem,
792 2497 844 2552 imo
862 2498 890 2550 ln
909 2497 1041 2552 auloulau

205 2583 301 2636 rivam.
337 2585 367 2638 in
385 2585 435 2636 luae
451 2585 597 2637 mutatione
615 2583 736 2636 similiter
762 2577 818 2636 liia'
832 2589 953 2650 quatuor,
974 2596 1041 2650 quoe

201 2670 256 2734 ium
283 2669 354 2722 diota
379 2673 449 2732 suut,
478 2674 588 2735 possunt
618 2669 740 2722 inveniri.
776 2670 816 2724 ibi
835 2670 905 2722 euim
923 2675 965 2722 est
981 2681 1042 2722 eou-

204 2756 301 2820 dueus,
327 2767 363 2808 so.
384 2759 460 2818 testa,
480 2757 555 2821 quasi
571 2756 673 2820 oueeles
691 2755 735 2808 ool
753 2757 868 2809 exterior
889 2759 917 2808 et
935 2759 1040 2808 eonten-

205 2847 262 2899 tum
292 2855 329 2896 se.
356 2841 478 2895 vitellum
504 2842 578 2906 quasi
604 2841 752 2896 substantia
777 2842 820 2894 orl
856 2839 980 2906 interior,
1017 2844 1043 2894 et

206 2939 318 2991 oderam
344 2940 379 2980 se.
394 2930 496 2989 notura,
524 2930 553 2978 et
575 2930 710 2990 operatum
737 2939 774 2980 se.
794 2939 855 2980 oaru
873 2928 950 2990 pulli.
988 2927 1041 2982 Pri·

205 3022 277 3064 mum
304 3014 322 3064 l.
342 3024 365 3064 e.
393 3013 477 3073 testa,
504 3011 606 3072 speeies
628 3011 743 3064 exterior
758 3018 861 3078 mauet;
887 3014 1038 3076 seeundum,

208 3097 330 3150 vitellum
346 3096 404 3148 slve
430 3095 582 3153 substantia,
600 3095 709 3150 interior
727 3100 865 3152 transitui
883 3100 1040 3154 mutaturin

208 3185 330 3241 quartum
356 3193 393 3232 oe.
411 3179 439 3232 in
457 3191 551 3244 coruus
568 3181 637 3244 ouili
662 3183 717 3235 vill
744 3197 772 3238 et
799 3188 848 3240 luoo
869 3198 917 3251 per
937 3188 1039 3241 tertium
