2384 3759
561 379 612 438 157

453 593 609 665 CAPUT
631 598 712 664 XII.

162 737 211 794 lie
232 737 328 792 tertio
348 735 506 803 mirabili,
531 735 617 804 quod
642 733 678 790 tit
695 735 728 790 iu
747 737 998 806 consecratione,

342 836 387 877 se.
406 821 445 878 de
463 821 831 878 transsubstantiatione.

233 961 350 1015 Tertium
369 961 496 1027 mirabile,
526 962 579 1015 lmu
602 961 824 1014 mirabilissimam
850 962 953 1026 signum
970 961 999 1014 ln

161 1048 361 1102 consecratione
371 1049 467 1102 Altaris
479 1051 528 1112 est,
549 1049 617 1114 quod
629 1052 746 1100 mutatur
758 1049 785 1099 in
799 1059 891 1112 corpus
905 1047 1000 1100 christi

160 1140 216 1189 lota
234 1135 385 1190 substantia
403 1135 494 1199 panis:
520 1135 558 1188 sic
585 1138 672 1187 lamen
691 1133 759 1198 quod
777 1137 914 1186 remanent
933 1133 998 1186 acal·

161 1221 252 1274 tenua
278 1220 353 1284 panis
380 1221 399 1273 i.
419 1234 444 1273 e.
473 1221 556 1284 color,
580 1221 663 1284 'sapor
690 1224 717 1274 et
736 1219 884 1284 bulusmotli
904 1219 999 1274 curlsll

160 1319 258 1372 corpus
277 1307 476 1360 circumstantia
493 1308 521 1358 et
537 1305 632 1358 uostris
645 1306 766 1359 sensibus
785 1305 895 1370 objecta.
927 1305 999 1369 Quod

161 1395 234 1447 euim
253 1393 281 1444 in
300 1392 494 1444 consecratione
512 1394 627 1444 mutatur
644 1392 719 1455 panis
738 1391 765 1443 iu
782 1405 875 1456 eorpus
895 1391 997 1455 christi,

157 1480 213 1544 jam
233 1478 375 1542 probatum
394 1481 446 1541 est;
478 1481 504 1530 et
530 1479 599 1542 quod
622 1481 759 1531 remanent
777 1477 931 1542 accidentia,
950 1479 997 1530 bu·

159 1566 248 1617 manis
266 1563 387 1616 sensibus
405 1567 485 1627 patet.
518 1565 587 1616 Talis
605 1565 716 1616 mutatio
735 1565 775 1616 est
792 1565 998 1627 supernaturalis

160 1653 188 1702 et
200 1650 299 1702 dieitur
310 1649 414 1712 proprie
427 1651 562 1701 conversio
580 1651 637 1702 sive
651 1649 917 1712 transsubstantiatio,
937 1650 998 1714 quia

159 1737 258 1789 similis
286 1735 311 1787 ei
337 1747 385 1798 per
401 1736 489 1787 omnia
518 1748 571 1788 nou
588 1736 723 1789 invenitur
740 1737 767 1786 iu
786 1741 888 1788 natura,
927 1735 997 1798 Quod

158 1826 252 1875 tamen
270 1821 309 1874 ita
326 1820 383 1872 lieri
395 1820 478 1884 possit
496 1821 523 1872 iu
541 1824 590 1876 boc
604 1822 782 1888 Sacramenta,
802 1823 899 1888 triplici
912 1826 998 1886 potest

159 1907 266 1962 ostendi
284 1906 466 1958 similitudine.
490 1939 492 1945 -

232 1992 319 2046 Prima
336 1991 491 2055 similitudo,
512 1993 581 2056 quod
600 1993 746 2046 substantia
759 1995 834 2056 panis
847 1994 930 2057 possit
941 2005 997 2045 mu·

159 2081 222 2142 tari,
253 2079 291 2130 ita
317 2079 385 2142 quod
404 2078 549 2131 accidentia
567 2085 705 2140 maneant,
733 2082 845 2132 sumitur
863 2081 896 2131 de
914 2081 997 2144 gratu

157 2165 318 2232 prophetali.
349 2166 415 2218 Hibe
428 2169 476 2230 est,
497 2167 565 2231 quai
578 2167 713 2220 llelisaeus
732 2167 803 2220 misit
818 2167 857 2218 sal
876 2165 903 2217 in
916 2179 997 2231 aquas

160 2263 269 2306 amaras
282 2255 308 2303 et
320 2263 461 2305 conversae
472 2257 533 2304 sunt
546 2253 572 2304 in
585 2253 683 2305 dulces.
699 2253 756 2314 (IV.
769 2253 833 2316 llep.
844 2248 870 2315 2,
881 2249 939 2314 21.)
967 2254 997 2306 lu
1044 2265 1046 2267 ·

160 2353 214 2406 qua
241 2339 412 2392 conversione
439 2344 552 2404 quatuor
579 2337 771 2392 consideranda
789 2343 859 2400 suut,
879 2351 915 2390 se.
936 2349 997 2390 ebu-

160 2427 251 2480 tiueus
269 2428 296 2477 et
314 2429 474 2488 contentum,
493 2437 604 2489 operans
629 2428 655 2478 et
673 2425 817 2488 operatum.
856 2424 996 2478 continens

160 2515 202 2565 est
220 2511 267 2563 illa
284 2512 387 2574 speeies
399 2513 456 2565 sive
469 2513 576 2564 claritas
594 2511 718 2575 exterior,
739 2514 890 2563 contentum
903 2511 996 2564 amari

160 2598 226 2650 lullo
245 2597 362 2662 interior,
391 2609 458 2662 puae
486 2597 579 2651 transit
597 2600 675 2662 alque
698 2599 813 2650 mutatur
831 2598 857 2649 iu
876 2601 996 2662 quartum

160 2695 198 2737 sc.
220 2687 356 2746 operatum
384 2685 401 2736 i.
421 2697 445 2736 e.
466 2684 493 2736 iu
512 2684 679 2737 dulcedinem
707 2688 734 2737 st
757 2684 807 2735 hoo
825 2693 872 2748 per
890 2685 996 2736 tertium

160 2781 198 2822 se.
219 2773 337 2833 operans¹
357 2771 374 2822 l.
395 2782 418 2822 e.
449 2771 632 2835 pergratiam
656 2770 845 2832 prophetalem
883 2770 927 2822 Sic
956 2771 996 2821 est

161 2855 352 2921 quodammodo
382 2856 411 2907 iu
437 2857 582 2908 mutatione
612 2855 688 2918 panis
714 2855 741 2908 in
769 2867 862 2920 corpus
889 2854 993 2907 culisti.

161 2941 276 2994 Primum
295 2955 331 2994 se.
353 2943 490 2994 continens
509 2942 526 2992 l.
545 2954 568 2994 e.
589 2942 691 3006 speeies
718 2943 792 3007 panis
811 2939 924 2993 exterior
941 2952 995 2992 ma·

161 3031 221 3082 net:
253 3029 397 3081 secunlum
424 3040 460 3081 se.
492 3032 644 3082 contentum
672 3027 690 3080 i.
712 3039 735 3080 e.
755 3027 900 3080 substantia
919 3027 995 3090 panis

160 3117 279 3167 mutatur
304 3115 331 3168 im
358 3118 478 3180 quartum
504 3127 541 3168 se.
563 3116 590 3167 iu
609 3126 701 3178 eorpus
720 3113 814 3167 christi
838 3117 863 3165 et
881 3115 931 3166 boe
949 3125 996 3177 per

160 3203 268 3255 tertium
286 3213 324 3253 sc.
345 3213 457 3265 operans
474 3201 492 3252 i.
511 3213 533 3253 e.
553 3200 728 3264 perverbum
747 3197 811 3248 bei*
