2384 3759
637 343 674 400 44

235 485 377 539 scientium
395 495 482 550 suam3
501 487 529 536 et
539 484 577 537 sic
589 495 638 548 per
648 493 783 536 erroneam
795 485 989 536 conscientiam
1002 497 1084 537 suam

236 572 324 625 eredit
340 585 369 624 se
386 571 492 635 placere
510 569 571 635 iieo,
591 581 650 623 cnm
668 569 696 621 in
713 568 832 622 omnibus
848 580 912 622 rere
923 569 1083 633 displiceat

309 657 386 710 Aliud
404 659 587 721 argumentum
605 654 751 707 discordiae
769 654 931 707 interiteum
951 657 983 706 et
994 655 1083 707 usmi-

238 753 299 793 nem
318 743 377 804 est,
403 751 462 792 cum
490 739 590 792 homini
608 739 730 803 dispiicet
748 739 837 792 divina
854 740 991 794 ordinatio
1009 741 1082 793 circa

238 829 390 890 creaturas,
418 824 545 879 etdivint
568 837 655 878 mores
672 827 700 876 et
716 826 839 889 exempta
856 837 888 877 ac
904 827 1083 879 sanctnsma

236 923 320 976 opera
338 913 401 966 Jesu
418 911 522 965 dhrtstt.
555 909 629 962 Unde
646 904 770 973 scriptum
788 908 842 962 est:
865 910 997 974 Displicet
1015 914 1081 974 Deo,

236 1007 299 1050 eum
318 997 439 1060 displicet
456 997 532 1049 Deus.
1065 1009 1069 1014 ·

310 1084 496 1143 Argumentum
514 1081 597 1133 iaisae
614 1080 770 1133 concordiae
781 1081 975 1146 adproximum
987 1083 1081 1146 habet,

239 1168 284 1219 cui
311 1166 377 1218 tona
404 1177 483 1228 opera
502 1169 528 1217 et
545 1165 629 1218 sancti
645 1174 732 1218 mores
750 1167 907 1220 aliorum-iu
924 1169 1009 1220 eorde
1029 1170 1082 1222 dis·
1108 1220 1109 1229 ,

239 1250 349 1314 plicent,
369 1261 435 1314 quae
454 1252 541 1303 tamen
559 1251 646 1304 vertis
661 1253 817 1317 quandoque
834 1253 1014 1306 commendat.
1108 1294 1109 1299 ,

311 1339 497 1400 Argumentum
515 1341 604 1390 autem
622 1337 768 1389 discordiae
787 1337 884 1400 nabet,
903 1337 949 1402 qui
969 1349 1080 1392 sensum
1108 1400 1109 1413 χ

239 1433 319 1473 suum
337 1423 396 1475 aliis
413 1423 569 1487 praeponit,
597 1427 624 1475 et
641 1434 747 1476 sensum
766 1423 877 1476 atiorum
893 1434 1004 1487 semper
1022 1429 1081 1488 post
1108 1450 1109 1491 ,

238 1517 272 1558 se
301 1507 403 1559 tradere
420 1507 520 1570 nititur,
540 1519 587 1561 seu
605 1507 738 1572 disponit,
766 1511 794 1560 et
809 1519 944 1573 nunquam
963 1511 1080 1563 atiorum
1108 1496 1109 1529 ³

238 1592 330 1645 sensui
349 1605 453 1646 sensum
471 1607 547 1648 suum
566 1594 714 1648 coadunare
731 1593 860 1658 proponit

579 1761 736 1777 ¹——

519 1913 675 1986 CAPUT
697 1914 796 1983 XVI.

465 2053 524 2109 De
555 2053 849 2108 constantia.

240 2205 243 2212 ¹
313 2187 336 2242 1.
359 2193 509 2246 constantia
526 2175 589 2246 ue‘ra
607 2197 634 2245 et
651 2195 766 2256 perfectu
785 2197 833 2255 est,
852 2203 910 2244 cum
930 2195 1013 2246 homo
1033 2207 1077 2246 net

240 2277 270 2328 in
297 2278 443 2342 prosperis,
475 2291 525 2331 nee
552 2281 579 2330 in
607 2280 725 2332 aduersis
751 2293 767 2331 a
796 2278 960 2342 perfectione
978 2280 1077 2332 retratsi

240 2363 343 2425 potest;
367 2362 498 2428 sicuttoto,
517 2365 622 2418 diceus:
642 2368 727 2418 Donec
740 2365 870 2427 defletam,
888 2375 942 2415 non
953 2367 1077 2417 recedam

239 2447 275 2500 ab
294 2449 444 2500 innocentia
461 2461 535 2503 mea:
554 2451 764 2514 justificationem
783 2463 885 2510 meam,
905 2461 986 2514 quam
1004 2452 1077 2514 coepi

240 2535 342 2593 tenere,
362 2545 414 2584 non
433 2535 559 2588 deseram.
591 2536 659 2600 (sot
677 2534 720 2602 ⁶27,
737 2535 763 2589 5.
778 2533 819 2598 6.)
849 2537 901 2588 Nec
918 2535 1009 2597 minis,
1030 2549 1076 2588 nec

240 2616 379 2670 blanditiis
397 2619 485 2672 induci
503 2627 589 2684 potest
607 2624 640 2675 ud
658 2623 891 2686 transgressionem
909 2624 1035 2674 votorum
1053 2627 1077 2673 et
1108 2640 1109 2645 ¹

240 2703 388 2756 divinorum
407 2711 613 2770 praeceptorum.
643 2709 715 2761 Sicut
732 2712 832 2770 septem
850 2707 945 2758 iratres
964 2705 993 2758 in
1010 2707 1076 2760 libro

241 2789 491 2855 Macchabaeorum,
523 2794 566 2856 qui
593 2795 718 2857 praecisis
745 2793 861 2856 tinguis,
892 2795 920 2843 et
945 2791 1076 2844 abstracta

239 2878 302 2928 cute
328 2877 439 2939 capitis,
468 2881 495 2941 et
522 2880 606 2930 caesis
631 2879 825 2932 summitatibus
842 2889 968 2932 mertuum
985 2881 1015 2929 et
1032 2891 1075 2942 pe

240 2961 322 3025 dum,
352 2961 380 3013 in
398 2963 456 3013 ollis
475 2962 565 3014 aeneis
589 2963 644 3016 uiui
662 2966 856 3028 torquebantur.
888 2963 920 3016 iit
936 2964 1074 3016 Eleazarus
1108 2940 1109 3013 Ῐ

239 3047 291 3098 sub
308 3047 476 3100 simulatione
503 3048 588 3100 notuit
611 3048 717 3100 illicitas
735 3059 827 3099 carnes
845 3048 999 3112 comedere,
1028 3049 1074 3101 sed
1108 3042 1109 3071 ³

240 3131 318 3198 dixit,
338 3147 366 3186 se
384 3133 470 3197 potius
489 3133 559 3186 uelle
577 3131 709 3196 praemitti
726 3133 760 3184 ad
778 3133 919 3186 internum.
