<?xml version="1.0" encoding="UTF-8"?>
<!DOCTYPE html PUBLIC "-//W3C//DTD XHTML 1.0 Transitional//EN"
    "http://www.w3.org/TR/xhtml1/DTD/xhtml1-transitional.dtd">
<html xmlns="http://www.w3.org/1999/xhtml" xml:lang="en" lang="en">
 <head>
  <title>
</title>
<meta http-equiv="Content-Type" content="text/html;charset=utf-8" />
  <meta name='ocr-system' content='tesseract 3.04.00' />
  <meta name='ocr-capabilities' content='ocr_page ocr_carea ocr_par ocr_line ocrx_word'/>
</head>
<body>
  <div class='ocr_page' id='page_1' title='image "./paradisusanimae00sailgoog_0130.png"; bbox 0 0 2384 3759; ppageno 0'>
   <div class='ocr_carea' id='block_1_1' title="bbox 610 344 662 398">
    <p class='ocr_par' dir='ltr' id='par_1_1' title="bbox 610 344 662 398">
     <span class='ocr_line' id='line_1_1' title="bbox 610 344 662 398; baseline 0.019 -1"><span class='ocrx_word' id='word_1_1' title='bbox 610 344 662 398; x_wconf 89' lang='grc'><strong>106</strong></span> 
     </span>
    </p>
   </div>
   <div class='ocr_carea' id='block_1_2' title="bbox 214 484 1108 3203">
    <p class='ocr_par' dir='ltr' id='par_1_2' title="bbox 218 484 1027 639">
     <span class='ocr_line' id='line_1_2' title="bbox 220 484 1027 550; baseline -0.004 -9"><span class='ocrx_word' id='word_1_2' title='bbox 220 488 317 545; x_wconf 80' lang='lat' dir='ltr'><strong>malls:</strong></span> <span class='ocrx_word' id='word_1_3' title='bbox 346 489 412 540; x_wconf 82' lang='lat' dir='ltr'><strong>daec</strong></span> <span class='ocrx_word' id='word_1_4' title='bbox 438 486 508 539; x_wconf 91' lang='lat' dir='ltr'><strong>euim</strong></span> <span class='ocrx_word' id='word_1_5' title='bbox 530 484 621 549; x_wconf 81' lang='lat' dir='ltr'><strong>nelora</strong></span> <span class='ocrx_word' id='word_1_6' title='bbox 638 488 700 537; x_wconf 92' lang='lat' dir='ltr'><strong>sunt</strong></span> <span class='ocrx_word' id='word_1_7' title='bbox 716 489 745 538; x_wconf 91' lang='lat' dir='ltr'><strong>et</strong></span> <span class='ocrx_word' id='word_1_8' title='bbox 762 484 945 549; x_wconf 82' lang='lat' dir='ltr'><strong>horribiliora,</strong></span> <span class='ocrx_word' id='word_1_9' title='bbox 977 496 1027 550; x_wconf 79' lang='lat' dir='ltr'><strong>oua</strong></span> 
     </span>
     <span class='ocr_line' id='line_1_3' title="bbox 218 570 946 639; baseline -0.007 -12"><span class='ocrx_word' id='word_1_10' title='bbox 218 572 278 639; x_wconf 86' lang='lat' dir='ltr'><strong>lusa</strong></span> <span class='ocrx_word' id='word_1_11' title='bbox 295 585 381 637; x_wconf 82' lang='lat' dir='ltr'><strong>nocua</strong></span> <span class='ocrx_word' id='word_1_12' title='bbox 398 574 544 636; x_wconf 72' lang='lat' dir='ltr'><strong>gehennae,</strong></span> <span class='ocrx_word' id='word_1_13' title='bbox 562 573 593 623; x_wconf 87' lang='lat' dir='ltr'><strong>nt</strong></span> <span class='ocrx_word' id='word_1_14' title='bbox 610 570 674 623; x_wconf 90' lang='lat' dir='ltr'><strong>dicit</strong></span> <span class='ocrx_word' id='word_1_15' title='bbox 690 572 718 623; x_wconf 82' lang='lat' dir='ltr'><strong>lt.</strong></span> <span class='ocrx_word' id='word_1_16' title='bbox 740 572 946 633; x_wconf 80' lang='lat' dir='ltr'><strong>chrysostomus.</strong></span> 
     </span>
    </p>

    <p class='ocr_par' dir='ltr' id='par_1_3' title="bbox 219 640 1108 1409">
     <span class='ocr_line' id='line_1_4' title="bbox 290 640 1069 719; baseline -0.005 -7"><span class='ocrx_word' id='word_1_17' title='bbox 290 660 326 713; x_wconf 77' lang='lat' dir='ltr'><strong>ld</strong></span> <span class='ocrx_word' id='word_1_18' title='bbox 345 659 414 712; x_wconf 91' lang='lat' dir='ltr'><strong>idem</strong></span> <span class='ocrx_word' id='word_1_19' title='bbox 432 671 480 712; x_wconf 88' lang='lat' dir='ltr'><strong>uos</strong></span> <span class='ocrx_word' id='word_1_20' title='bbox 497 658 622 711; x_wconf 88' lang='lat' dir='ltr'><strong>inducere</strong></span> <span class='ocrx_word' id='word_1_21' title='bbox 640 656 717 708; x_wconf 82' lang='lat' dir='ltr'><strong>decet</strong></span> <span class='ocrx_word' id='word_1_22' title='bbox 734 655 836 709; x_wconf 88' lang='lat' dir='ltr'><strong>utilitas</strong></span> <span class='ocrx_word' id='word_1_23' title='bbox 857 656 993 719; x_wconf 82' lang='lat' dir='ltr'><strong>maxima,</strong></span> <span class='ocrx_word' id='word_1_24' title='bbox 1020 640 1069 717; x_wconf 50' lang='lat' dir='ltr'><strong>es</strong></span> 
     </span>
     <span class='ocr_line' id='line_1_5' title="bbox 220 742 1039 809; baseline -0.005 -10"><span class='ocrx_word' id='word_1_25' title='bbox 220 759 253 799; x_wconf 88' lang='lat' dir='ltr'><strong>ea</strong></span> <span class='ocrx_word' id='word_1_26' title='bbox 278 746 444 809; x_wconf 77' lang='lat' dir='ltr'>proveniens.</span> <span class='ocrx_word' id='word_1_27' title='bbox 475 746 539 799; x_wconf 86' lang='lat' dir='ltr'><strong>Naru</strong></span> <span class='ocrx_word' id='word_1_28' title='bbox 566 744 674 797; x_wconf 88' lang='lat' dir='ltr'><strong>minima</strong></span> <span class='ocrx_word' id='word_1_29' title='bbox 697 742 819 796; x_wconf 87' lang='lat' dir='ltr'><strong>contritio</strong></span> <span class='ocrx_word' id='word_1_30' title='bbox 837 754 931 795; x_wconf 89' lang='lat' dir='ltr'><strong>omnes</strong></span> <span class='ocrx_word' id='word_1_31' title='bbox 948 744 1039 795; x_wconf 89' lang='lat' dir='ltr'><strong>anima</strong></span> 
     </span>
     <span class='ocr_line' id='line_1_6' title="bbox 219 828 1056 892; baseline -0.004 -7"><span class='ocrx_word' id='word_1_32' title='bbox 219 834 335 885; x_wconf 89' lang='lat' dir='ltr'><strong>maculas</strong></span> <span class='ocrx_word' id='word_1_33' title='bbox 352 832 440 892; x_wconf 88' lang='lat' dir='ltr'><strong>delet,</strong></span> <span class='ocrx_word' id='word_1_34' title='bbox 468 833 579 883; x_wconf 88' lang='lat' dir='ltr'><strong>mortem</strong></span> <span class='ocrx_word' id='word_1_35' title='bbox 596 833 732 883; x_wconf 86' lang='lat' dir='ltr'><strong>aeternam</strong></span> <span class='ocrx_word' id='word_1_36' title='bbox 750 828 858 891; x_wconf 87' lang='lat' dir='ltr'><strong>occidit;</strong></span> <span class='ocrx_word' id='word_1_37' title='bbox 891 828 1056 882; x_wconf 83' lang='lat' dir='ltr'><strong>benedictio·</strong></span> 
     </span>
     <span class='ocr_line' id='line_1_7' title="bbox 220 914 1072 981; baseline -0.001 -11"><span class='ocrx_word' id='word_1_38' title='bbox 220 929 282 971; x_wconf 85' lang='lat' dir='ltr'><strong>nem</strong></span> <span class='ocrx_word' id='word_1_39' title='bbox 311 918 358 970; x_wconf 83' lang='lat' dir='ltr'><strong>llel</strong></span> <span class='ocrx_word' id='word_1_40' title='bbox 384 917 468 969; x_wconf 82' lang='lat' dir='ltr'><strong>Patris</strong></span> <span class='ocrx_word' id='word_1_41' title='bbox 496 916 611 981; x_wconf 79' lang='lat' dir='ltr'><strong>confart3</strong></span> <span class='ocrx_word' id='word_1_42' title='bbox 644 914 785 968; x_wconf 75' lang='lat' dir='ltr'><strong>amicitiam</strong></span> <span class='ocrx_word' id='word_1_43' title='bbox 803 914 862 969; x_wconf 81' lang='lat' dir='ltr'><strong>Filii</strong></span> <span class='ocrx_word' id='word_1_44' title='bbox 879 914 924 967; x_wconf 83' lang='lat' dir='ltr'><strong>liei</strong></span> <span class='ocrx_word' id='word_1_45' title='bbox 951 916 1072 979; x_wconf 79' lang='lat' dir='ltr'><strong>reddit;,</strong></span> 
     </span>
     <span class='ocr_line' id='line_1_8' title="bbox 220 1001 1055 1066; baseline -0.006 -8"><span class='ocrx_word' id='word_1_46' title='bbox 220 1004 427 1058; x_wconf 68' lang='lat' dir='ltr'><strong>familiaritatem</strong></span> <span class='ocrx_word' id='word_1_47' title='bbox 449 1002 560 1066; x_wconf 79' lang='lat' dir='ltr'><strong>Spiritus</strong></span> <span class='ocrx_word' id='word_1_48' title='bbox 589 1002 691 1064; x_wconf 88' lang='lat' dir='ltr'><strong>sancti,</strong></span> <span class='ocrx_word' id='word_1_49' title='bbox 722 1002 927 1066; x_wconf 81' lang='lat' dir='ltr'><strong>societatemque</strong></span> <span class='ocrx_word' id='word_1_50' title='bbox 956 1001 1055 1055; x_wconf 79' lang='lat' dir='ltr'><strong>civium</strong></span> 
     </span>
     <span class='ocr_line' id='line_1_9' title="bbox 220 1089 1058 1155; baseline -0.002 -12"><span class='ocrx_word' id='word_1_51' title='bbox 220 1100 391 1153; x_wconf 78' lang='lat' dir='ltr'><strong>supernorum</strong></span> <span class='ocrx_word' id='word_1_52' title='bbox 420 1089 543 1141; x_wconf 82' lang='lat' dir='ltr'><strong>reatimit.</strong></span> <span class='ocrx_word' id='word_1_53' title='bbox 586 1089 618 1140; x_wconf 77' lang='lat' dir='ltr'><strong>Et</strong></span> <span class='ocrx_word' id='word_1_54' title='bbox 651 1092 879 1155; x_wconf 79' lang='lat' dir='ltr'><strong>quantumcunque</strong></span> <span class='ocrx_word' id='word_1_55' title='bbox 908 1098 992 1151; x_wconf 82' lang='lat' dir='ltr'><strong>parra</strong></span> <span class='ocrx_word' id='word_1_56' title='bbox 1022 1090 1058 1141; x_wconf 89' lang='lat' dir='ltr'><strong>sit</strong></span> 
     </span>
     <span class='ocr_line' id='line_1_10' title="bbox 220 1172 1093 1250; baseline -0.002 -23"><span class='ocrx_word' id='word_1_57' title='bbox 220 1174 353 1235; x_wconf 84' lang='lat' dir='ltr'><strong>contritio,</strong></span> <span class='ocrx_word' id='word_1_58' title='bbox 372 1172 457 1236; x_wconf 75' lang='lat' dir='ltr'><strong>magis</strong></span> <span class='ocrx_word' id='word_1_59' title='bbox 473 1173 620 1237; x_wconf 75' lang='lat' dir='ltr'><strong>satisfacit,</strong></span> <span class='ocrx_word' id='word_1_60' title='bbox 646 1184 724 1235; x_wconf 87' lang='lat' dir='ltr'><strong>uuam</strong></span> <span class='ocrx_word' id='word_1_61' title='bbox 742 1173 857 1227; x_wconf 85' lang='lat' dir='ltr'><strong>maxima</strong></span> <span class='ocrx_word' id='word_1_62' title='bbox 875 1174 1057 1237; x_wconf 76' lang='lat' dir='ltr'><strong>eleemosyna·</strong></span> <span class='ocrx_word' id='word_1_63' title='bbox 1084 1231 1093 1250; x_wconf 31' lang='grc' dir='ltr'>ὓ</span> 
     </span>
     <span class='ocr_line' id='line_1_11' title="bbox 220 1257 1058 1323; baseline -0.001 -10"><span class='ocrx_word' id='word_1_64' title='bbox 220 1271 279 1313; x_wconf 87' lang='lat' dir='ltr'><strong>rum</strong></span> <span class='ocrx_word' id='word_1_65' title='bbox 297 1257 410 1320; x_wconf 78' lang='lat' dir='ltr'><strong>largitio.</strong></span> <span class='ocrx_word' id='word_1_66' title='bbox 440 1257 510 1310; x_wconf 88' lang='lat' dir='ltr'><strong>llaec</strong></span> <span class='ocrx_word' id='word_1_67' title='bbox 536 1259 624 1311; x_wconf 88' lang='lat' dir='ltr'><strong>omnia</strong></span> <span class='ocrx_word' id='word_1_68' title='bbox 650 1270 731 1323; x_wconf 82' lang='lat' dir='ltr'><strong>saeue</strong></span> <span class='ocrx_word' id='word_1_69' title='bbox 748 1260 893 1323; x_wconf 81' lang='lat' dir='ltr'><strong>ponderata</strong></span> <span class='ocrx_word' id='word_1_70' title='bbox 911 1259 939 1311; x_wconf 93' lang='lat' dir='ltr'><strong>in</strong></span> <span class='ocrx_word' id='word_1_71' title='bbox 957 1262 1058 1312; x_wconf 85' lang='lat' dir='ltr'><strong>statera</strong></span> 
     </span>
     <span class='ocr_line' id='line_1_12' title="bbox 219 1342 877 1409; baseline -0.003 -10"><span class='ocrx_word' id='word_1_72' title='bbox 219 1344 316 1407; x_wconf 86' lang='lat' dir='ltr'><strong>cordis,</strong></span> <span class='ocrx_word' id='word_1_73' title='bbox 335 1342 469 1396; x_wconf 73' lang='lat' dir='ltr'><strong>inductiva</strong></span> <span class='ocrx_word' id='word_1_74' title='bbox 485 1348 548 1396; x_wconf 92' lang='lat' dir='ltr'><strong>sunt</strong></span> <span class='ocrx_word' id='word_1_75' title='bbox 563 1356 644 1397; x_wconf 82' lang='lat' dir='ltr'><strong>verae</strong></span> <span class='ocrx_word' id='word_1_76' title='bbox 661 1344 877 1409; x_wconf 84' lang='lat' dir='ltr'><strong>comuuuctionis.</strong></span> 
     </span>
    </p>

    <p class='ocr_par' dir='ltr' id='par_1_4' title="bbox 220 1425 1108 2522">
     <span class='ocr_line' id='line_1_13' title="bbox 291 1425 1058 1496; baseline 0.001 -15"><span class='ocrx_word' id='word_1_77' title='bbox 291 1425 316 1481; x_wconf 87' lang='lat'><strong>3.</strong></span> <span class='ocrx_word' id='word_1_78' title='bbox 337 1431 524 1493; x_wconf 76' lang='lat' dir='ltr'><strong>Argumentum</strong></span> <span class='ocrx_word' id='word_1_79' title='bbox 550 1442 629 1483; x_wconf 82' lang='lat' dir='ltr'><strong>uerae</strong></span> <span class='ocrx_word' id='word_1_80' title='bbox 656 1432 819 1486; x_wconf 86' lang='lat' dir='ltr'><strong>contritionis</strong></span> <span class='ocrx_word' id='word_1_81' title='bbox 837 1430 934 1495; x_wconf 83' lang='lat' dir='ltr'><strong>nabet,</strong></span> <span class='ocrx_word' id='word_1_82' title='bbox 963 1432 1008 1496; x_wconf 84' lang='lat' dir='ltr'><strong>oui</strong></span> <span class='ocrx_word' id='word_1_83' title='bbox 1028 1431 1058 1483; x_wconf 92' lang='lat' dir='ltr'><strong>iu</strong></span> 
     </span>
     <span class='ocr_line' id='line_1_14' title="bbox 220 1515 1102 1582; baseline 0.002 -15"><span class='ocrx_word' id='word_1_84' title='bbox 220 1518 322 1568; x_wconf 88' lang='lat' dir='ltr'><strong>tantum</strong></span> <span class='ocrx_word' id='word_1_85' title='bbox 341 1515 487 1568; x_wconf 89' lang='lat' dir='ltr'><strong>detestator</strong></span> <span class='ocrx_word' id='word_1_86' title='bbox 504 1516 607 1580; x_wconf 74' lang='lat' dir='ltr'><strong>peccati</strong></span> <span class='ocrx_word' id='word_1_87' title='bbox 625 1517 835 1582; x_wconf 83' lang='lat' dir='ltr'><strong>immunditiam,</strong></span> <span class='ocrx_word' id='word_1_88' title='bbox 859 1518 928 1582; x_wconf 83' lang='lat' dir='ltr'><strong>quod</strong></span> <span class='ocrx_word' id='word_1_89' title='bbox 947 1528 1055 1569; x_wconf 87' lang='lat' dir='ltr'><strong>omnem</strong></span> <span class='ocrx_word' id='word_1_90' title='bbox 1101 1540 1102 1544; x_wconf 65' lang='lat'><strong>,</strong></span> 
     </span>
     <span class='ocr_line' id='line_1_15' title="bbox 224 1601 1059 1667; baseline 0.004 -15"><span class='ocrx_word' id='word_1_91' title='bbox 224 1612 336 1665; x_wconf 78' lang='lat' dir='ltr'><strong>poenam</strong></span> <span class='ocrx_word' id='word_1_92' title='bbox 354 1601 498 1665; x_wconf 74' lang='lat' dir='ltr'><strong>purgatorii</strong></span> <span class='ocrx_word' id='word_1_93' title='bbox 518 1601 644 1654; x_wconf 85' lang='lat' dir='ltr'><strong>libentius</strong></span> <span class='ocrx_word' id='word_1_94' title='bbox 662 1604 790 1667; x_wconf 80' lang='lat' dir='ltr'><strong>eligeret,</strong></span> <span class='ocrx_word' id='word_1_95' title='bbox 810 1614 888 1666; x_wconf 86' lang='lat' dir='ltr'><strong>onam</strong></span> <span class='ocrx_word' id='word_1_96' title='bbox 906 1604 976 1667; x_wconf 81' lang='lat' dir='ltr'><strong>qnod</strong></span> <span class='ocrx_word' id='word_1_97' title='bbox 994 1616 1059 1657; x_wconf 87' lang='lat' dir='ltr'><strong>con·</strong></span> 
     </span>
     <span class='ocr_line' id='line_1_16' title="bbox 222 1686 1058 1754; baseline 0 -13"><span class='ocrx_word' id='word_1_98' title='bbox 222 1690 264 1741; x_wconf 90' lang='lat' dir='ltr'><strong>tra</strong></span> <span class='ocrx_word' id='word_1_99' title='bbox 291 1686 507 1752; x_wconf 80' lang='lat' dir='ltr'><strong>benignissimum</strong></span> <span class='ocrx_word' id='word_1_100' title='bbox 533 1689 615 1741; x_wconf 79' lang='lat' dir='ltr'><strong>Deum</strong></span> <span class='ocrx_word' id='word_1_101' title='bbox 644 1700 758 1753; x_wconf 76' lang='lat' dir='ltr'><strong>uuquam</strong></span> <span class='ocrx_word' id='word_1_102' title='bbox 783 1692 921 1751; x_wconf 76' lang='lat' dir='ltr'><strong>peccatum</strong></span> <span class='ocrx_word' id='word_1_103' title='bbox 948 1689 1058 1754; x_wconf 81' lang='lat' dir='ltr'><strong>aliquod</strong></span> 
     </span>
     <span class='ocr_line' id='line_1_17' title="bbox 224 1773 1108 1847; baseline 0 -19"><span class='ocrx_word' id='word_1_104' title='bbox 224 1774 356 1828; x_wconf 81' lang='lat' dir='ltr'><strong>efficeret:</strong></span> <span class='ocrx_word' id='word_1_105' title='bbox 383 1777 411 1826; x_wconf 85' lang='lat' dir='ltr'><strong>et</strong></span> <span class='ocrx_word' id='word_1_106' title='bbox 437 1774 482 1839; x_wconf 79' lang='lat' dir='ltr'><strong>qui</strong></span> <span class='ocrx_word' id='word_1_107' title='bbox 499 1773 534 1825; x_wconf 94' lang='lat' dir='ltr'><strong>ad</strong></span> <span class='ocrx_word' id='word_1_108' title='bbox 552 1786 664 1837; x_wconf 76' lang='lat' dir='ltr'><strong>poenam</strong></span> <span class='ocrx_word' id='word_1_109' title='bbox 683 1776 838 1828; x_wconf 79' lang='lat' dir='ltr'><strong>infernalem</strong></span> <span class='ocrx_word' id='word_1_110' title='bbox 857 1788 886 1828; x_wconf 89' lang='lat' dir='ltr'><strong>se</strong></span> <span class='ocrx_word' id='word_1_111' title='bbox 904 1775 994 1839; x_wconf 77' lang='lat' dir='ltr'><strong>nodus</strong></span> <span class='ocrx_word' id='word_1_112' title='bbox 1011 1786 1059 1828; x_wconf 86' lang='lat' dir='ltr'><strong>ar·</strong></span> <span class='ocrx_word' id='word_1_113' title='bbox 1107 1832 1108 1847; x_wconf 56' lang='lat'><strong>,</strong></span> 
     </span>
     <span class='ocr_line' id='line_1_18' title="bbox 223 1851 1059 1927; baseline -0.001 -12"><span class='ocrx_word' id='word_1_114' title='bbox 223 1861 333 1923; x_wconf 78' lang='lat' dir='ltr'><strong>niteret,</strong></span> <span class='ocrx_word' id='word_1_115' title='bbox 354 1861 435 1923; x_wconf 89' lang='lat' dir='ltr'><strong>(sicut</strong></span> <span class='ocrx_word' id='word_1_116' title='bbox 452 1851 603 1920; x_wconf 78' lang='lat' dir='ltr'><strong>Eleazarus)</strong></span> <span class='ocrx_word' id='word_1_117' title='bbox 622 1873 699 1925; x_wconf 87' lang='lat' dir='ltr'><strong>qoam</strong></span> <span class='ocrx_word' id='word_1_118' title='bbox 716 1872 831 1927; x_wconf 82' lang='lat' dir='ltr'><strong>nuquam</strong></span> <span class='ocrx_word' id='word_1_119' title='bbox 849 1860 1007 1915; x_wconf 87' lang='lat' dir='ltr'><strong>decaetero</strong></span> <span class='ocrx_word' id='word_1_120' title='bbox 1025 1873 1059 1914; x_wconf 85' lang='lat' dir='ltr'><strong>ex</strong></span> 
     </span>
     <span class='ocr_line' id='line_1_19' title="bbox 222 1945 1059 2011; baseline 0.001 -12"><span class='ocrx_word' id='word_1_121' title='bbox 222 1948 357 2011; x_wconf 83' lang='lat' dir='ltr'><strong>uranosilo</strong></span> <span class='ocrx_word' id='word_1_122' title='bbox 383 1945 489 2011; x_wconf 84' lang='lat' dir='ltr'><strong>aliquod</strong></span> <span class='ocrx_word' id='word_1_123' title='bbox 518 1949 655 2008; x_wconf 74' lang='lat' dir='ltr'><strong>peccatum</strong></span> <span class='ocrx_word' id='word_1_124' title='bbox 673 1949 854 2000; x_wconf 89' lang='lat' dir='ltr'><strong>committeret.</strong></span> <span class='ocrx_word' id='word_1_125' title='bbox 887 1948 959 2011; x_wconf 78' lang='lat' dir='ltr'><strong>duod</strong></span> <span class='ocrx_word' id='word_1_126' title='bbox 978 1948 1059 2000; x_wconf 87' lang='lat' dir='ltr'><strong>etiam</strong></span> 
     </span>
     <span class='ocr_line' id='line_1_20' title="bbox 223 2030 1058 2097; baseline -0.001 -11"><span class='ocrx_word' id='word_1_127' title='bbox 223 2034 373 2097; x_wconf 76' lang='lat' dir='ltr'><strong>eligendum</strong></span> <span class='ocrx_word' id='word_1_128' title='bbox 409 2044 467 2085; x_wconf 87' lang='lat' dir='ltr'><strong>esse</strong></span> <span class='ocrx_word' id='word_1_129' title='bbox 502 2030 567 2085; x_wconf 91' lang='lat' dir='ltr'><strong>dicit</strong></span> <span class='ocrx_word' id='word_1_130' title='bbox 595 2032 763 2095; x_wconf 75' lang='lat' dir='ltr'><strong>Augustinus.</strong></span> <span class='ocrx_word' id='word_1_131' title='bbox 806 2034 837 2085; x_wconf 81' lang='lat' dir='ltr'><strong>ltt</strong></span> <span class='ocrx_word' id='word_1_132' title='bbox 869 2032 914 2096; x_wconf 83' lang='lat' dir='ltr'><strong>oui</strong></span> <span class='ocrx_word' id='word_1_133' title='bbox 944 2044 1058 2096; x_wconf 85' lang='lat' dir='ltr'><strong>poenam</strong></span> 
     </span>
     <span class='ocr_line' id='line_1_21' title="bbox 224 2112 1057 2182; baseline 0 -11"><span class='ocrx_word' id='word_1_134' title='bbox 224 2118 339 2171; x_wconf 90' lang='lat' dir='ltr'><strong>omnium</strong></span> <span class='ocrx_word' id='word_1_135' title='bbox 356 2121 498 2181; x_wconf 77' lang='lat' dir='ltr'><strong>marturum</strong></span> <span class='ocrx_word' id='word_1_136' title='bbox 517 2116 690 2171; x_wconf 82' lang='lat' dir='ltr'><strong>libentissime</strong></span> <span class='ocrx_word' id='word_1_137' title='bbox 707 2112 867 2181; x_wconf 86' lang='lat' dir='ltr'><strong>sustineret,</strong></span> <span class='ocrx_word' id='word_1_138' title='bbox 895 2120 926 2169; x_wconf 88' lang='lat' dir='ltr'><strong>ut</strong></span> <span class='ocrx_word' id='word_1_139' title='bbox 943 2130 994 2182; x_wconf 84' lang='lat' dir='ltr'><strong>uer</strong></span> <span class='ocrx_word' id='word_1_140' title='bbox 1011 2121 1057 2173; x_wconf 80' lang='lat' dir='ltr'><strong>hoa</strong></span> 
     </span>
     <span class='ocr_line' id='line_1_22' title="bbox 223 2202 1057 2267; baseline 0.001 -12"><span class='ocrx_word' id='word_1_141' title='bbox 223 2203 320 2255; x_wconf 90' lang='lat' dir='ltr'><strong>mereri</strong></span> <span class='ocrx_word' id='word_1_142' title='bbox 337 2207 435 2265; x_wconf 87' lang='lat' dir='ltr'><strong>nosset,</strong></span> <span class='ocrx_word' id='word_1_143' title='bbox 453 2202 523 2267; x_wconf 82' lang='lat' dir='ltr'><strong>qnod</strong></span> <span class='ocrx_word' id='word_1_144' title='bbox 540 2202 573 2254; x_wconf 90' lang='lat' dir='ltr'><strong>de</strong></span> <span class='ocrx_word' id='word_1_145' title='bbox 592 2206 698 2255; x_wconf 87' lang='lat' dir='ltr'><strong>caetero</strong></span> <span class='ocrx_word' id='word_1_146' title='bbox 716 2202 822 2267; x_wconf 77' lang='lat' dir='ltr'><strong>aliquod</strong></span> <span class='ocrx_word' id='word_1_147' title='bbox 834 2206 973 2266; x_wconf 78' lang='lat' dir='ltr'><strong>peccatum</strong></span> <span class='ocrx_word' id='word_1_148' title='bbox 992 2216 1057 2258; x_wconf 90' lang='lat' dir='ltr'><strong>nnn·</strong></span> 
     </span>
     <span class='ocr_line' id='line_1_23' title="bbox 224 2287 1058 2352; baseline 0.006 -13"><span class='ocrx_word' id='word_1_149' title='bbox 224 2298 303 2352; x_wconf 83' lang='lat' dir='ltr'><strong>onam</strong></span> <span class='ocrx_word' id='word_1_150' title='bbox 320 2290 490 2350; x_wconf 71' lang='lat' dir='ltr'><strong>perpetraret.</strong></span> <span class='ocrx_word' id='word_1_151' title='bbox 510 2288 541 2339; x_wconf 82' lang='lat' dir='ltr'><strong>lit</strong></span> <span class='ocrx_word' id='word_1_152' title='bbox 557 2287 602 2352; x_wconf 80' lang='lat' dir='ltr'><strong>oni</strong></span> <span class='ocrx_word' id='word_1_153' title='bbox 620 2288 653 2340; x_wconf 93' lang='lat' dir='ltr'><strong>ad</strong></span> <span class='ocrx_word' id='word_1_154' title='bbox 672 2299 776 2341; x_wconf 89' lang='lat' dir='ltr'><strong>omnem</strong></span> <span class='ocrx_word' id='word_1_155' title='bbox 795 2288 967 2342; x_wconf 80' lang='lat' dir='ltr'><strong>afflictionem</strong></span> <span class='ocrx_word' id='word_1_156' title='bbox 987 2290 1058 2344; x_wconf 85' lang='lat' dir='ltr'><strong>indr-</strong></span> 
     </span>
     <span class='ocr_line' id='line_1_24' title="bbox 224 2374 1059 2440; baseline 0.001 -14"><span class='ocrx_word' id='word_1_157' title='bbox 224 2384 326 2426; x_wconf 90' lang='lat' dir='ltr'><strong>mornm</strong></span> <span class='ocrx_word' id='word_1_158' title='bbox 344 2376 371 2424; x_wconf 85' lang='lat' dir='ltr'><strong>et</strong></span> <span class='ocrx_word' id='word_1_159' title='bbox 387 2384 534 2436; x_wconf 82' lang='lat' dir='ltr'><strong>uaaoernm</strong></span> <span class='ocrx_word' id='word_1_160' title='bbox 551 2386 581 2425; x_wconf 93' lang='lat' dir='ltr'><strong>se</strong></span> <span class='ocrx_word' id='word_1_161' title='bbox 602 2374 725 2437; x_wconf 86' lang='lat' dir='ltr'><strong>offerret,</strong></span> <span class='ocrx_word' id='word_1_162' title='bbox 757 2383 787 2427; x_wconf 86' lang='lat' dir='ltr'><strong>m</strong></span> <span class='ocrx_word' id='word_1_163' title='bbox 813 2386 860 2440; x_wconf 85' lang='lat' dir='ltr'><strong>uro</strong></span> <span class='ocrx_word' id='word_1_164' title='bbox 887 2375 991 2428; x_wconf 77' lang='lat' dir='ltr'><strong>offensa</strong></span> <span class='ocrx_word' id='word_1_165' title='bbox 1009 2377 1059 2429; x_wconf 85' lang='lat' dir='ltr'><strong>lleo</strong></span> 
     </span>
     <span class='ocr_line' id='line_1_25' title="bbox 223 2458 590 2522; baseline 0.011 -13"><span class='ocrx_word' id='word_1_166' title='bbox 223 2458 303 2522; x_wconf 69' lang='lat' dir='ltr'><strong>mune</strong></span> <span class='ocrx_word' id='word_1_167' title='bbox 320 2458 472 2511; x_wconf 74' lang='lat' dir='ltr'><strong>satisfacere</strong></span> <span class='ocrx_word' id='word_1_168' title='bbox 494 2465 590 2522; x_wconf 79' lang='lat' dir='ltr'><strong>nosset</strong></span> 
     </span>
    </p>

    <p class='ocr_par' dir='ltr' id='par_1_5' title="bbox 214 2540 1058 3203">
     <span class='ocr_line' id='line_1_26' title="bbox 293 2540 1058 2612; baseline 0.007 -19"><span class='ocrx_word' id='word_1_169' title='bbox 293 2540 319 2595; x_wconf 87' lang='lat'><strong>4.</strong></span> <span class='ocrx_word' id='word_1_170' title='bbox 347 2546 533 2606; x_wconf 66' lang='lat' dir='ltr'><strong>momentum</strong></span> <span class='ocrx_word' id='word_1_171' title='bbox 563 2547 649 2599; x_wconf 90' lang='lat' dir='ltr'><strong>falsae</strong></span> <span class='ocrx_word' id='word_1_172' title='bbox 678 2544 842 2597; x_wconf 87' lang='lat' dir='ltr'><strong>contritionis</strong></span> <span class='ocrx_word' id='word_1_173' title='bbox 856 2558 858 2563; x_wconf 56' lang='lat'><strong><em>¹</em></strong></span> <span class='ocrx_word' id='word_1_174' title='bbox 872 2545 973 2609; x_wconf 81' lang='lat' dir='ltr'><strong>habet,</strong></span> <span class='ocrx_word' id='word_1_175' title='bbox 1007 2547 1058 2612; x_wconf 82' lang='lat' dir='ltr'><strong>qni,</strong></span> 
     </span>
     <span class='ocr_line' id='line_1_27' title="bbox 214 2628 1058 2695; baseline 0.002 -14"><span class='ocrx_word' id='word_1_176' title='bbox 214 2628 345 2695; x_wconf 62' lang='lat' dir='ltr'><strong>⁸(induitis</strong></span> <span class='ocrx_word' id='word_1_177' title='bbox 362 2633 471 2691; x_wconf 82' lang='lat' dir='ltr'><strong>ucccata</strong></span> <span class='ocrx_word' id='word_1_178' title='bbox 488 2630 629 2683; x_wconf 86' lang='lat' dir='ltr'><strong>commissa</strong></span> <span class='ocrx_word' id='word_1_179' title='bbox 647 2632 818 2683; x_wconf 84' lang='lat' dir='ltr'><strong>vehementer</strong></span> <span class='ocrx_word' id='word_1_180' title='bbox 836 2630 951 2694; x_wconf 80' lang='lat' dir='ltr'><strong>deleat,</strong></span> <span class='ocrx_word' id='word_1_181' title='bbox 972 2636 1058 2685; x_wconf 76' lang='lat' dir='ltr'><strong>mareu</strong></span> 
     </span>
     <span class='ocr_line' id='line_1_28' title="bbox 223 2713 1058 2779; baseline 0 -10"><span class='ocrx_word' id='word_1_182' title='bbox 223 2716 349 2769; x_wconf 91' lang='lat' dir='ltr'><strong>continno</strong></span> <span class='ocrx_word' id='word_1_183' title='bbox 366 2716 426 2779; x_wconf 81' lang='lat' dir='ltr'><strong>nost</strong></span> <span class='ocrx_word' id='word_1_184' title='bbox 441 2713 557 2767; x_wconf 89' lang='lat' dir='ltr'><strong>dolorem</strong></span> <span class='ocrx_word' id='word_1_185' title='bbox 575 2715 678 2778; x_wconf 87' lang='lat' dir='ltr'><strong>eadem,</strong></span> <span class='ocrx_word' id='word_1_186' title='bbox 698 2715 741 2768; x_wconf 86' lang='lat' dir='ltr'><strong>val</strong></span> <span class='ocrx_word' id='word_1_187' title='bbox 759 2714 813 2767; x_wconf 91' lang='lat' dir='ltr'><strong>alia</strong></span> <span class='ocrx_word' id='word_1_188' title='bbox 825 2714 991 2769; x_wconf 87' lang='lat' dir='ltr'><strong>committere</strong></span> <span class='ocrx_word' id='word_1_189' title='bbox 1009 2728 1058 2770; x_wconf 90' lang='lat' dir='ltr'><strong>nau</strong></span> 
     </span>
     <span class='ocr_line' id='line_1_29' title="bbox 225 2796 1058 2864; baseline -0.005 -9"><span class='ocrx_word' id='word_1_190' title='bbox 225 2800 356 2855; x_wconf 84' lang='lat' dir='ltr'><strong>formidat.</strong></span> <span class='ocrx_word' id='word_1_191' title='bbox 376 2801 473 2852; x_wconf 78' lang='lat' dir='ltr'><strong>cauma</strong></span> <span class='ocrx_word' id='word_1_192' title='bbox 490 2801 539 2852; x_wconf 87' lang='lat' dir='ltr'><strong>lroc</strong></span> <span class='ocrx_word' id='word_1_193' title='bbox 557 2800 654 2853; x_wconf 88' lang='lat' dir='ltr'><strong>dicitnr</strong></span> <span class='ocrx_word' id='word_1_194' title='bbox 672 2800 699 2851; x_wconf 92' lang='lat' dir='ltr'><strong>in</strong></span> <span class='ocrx_word' id='word_1_195' title='bbox 717 2800 914 2853; x_wconf 81' lang='lat' dir='ltr'><strong>Ecclesiastico:</strong></span> <span class='ocrx_word' id='word_1_196' title='bbox 934 2796 994 2864; x_wconf 82' lang='lat'><strong>(34,</strong></span> <span class='ocrx_word' id='word_1_197' title='bbox 1005 2798 1058 2862; x_wconf 81' lang='lat'><strong>30.)</strong></span> 
     </span>
     <span class='ocr_line' id='line_1_30' title="bbox 225 2883 1057 2949; baseline 0.001 -11"><span class='ocrx_word' id='word_1_198' title='bbox 225 2886 273 2949; x_wconf 77' lang='lat' dir='ltr'><strong>oui</strong></span> <span class='ocrx_word' id='word_1_199' title='bbox 299 2885 449 2949; x_wconf 81' lang='lat' dir='ltr'><strong>baptizatur</strong></span> <span class='ocrx_word' id='word_1_200' title='bbox 465 2896 481 2936; x_wconf 88' lang='lat' dir='ltr'><strong>a</strong></span> <span class='ocrx_word' id='word_1_201' title='bbox 498 2888 618 2947; x_wconf 76' lang='lat' dir='ltr'><strong>mommo,</strong></span> <span class='ocrx_word' id='word_1_202' title='bbox 649 2887 677 2937; x_wconf 90' lang='lat' dir='ltr'><strong>et</strong></span> <span class='ocrx_word' id='word_1_203' title='bbox 702 2883 796 2937; x_wconf 85' lang='lat' dir='ltr'><strong>iterum</strong></span> <span class='ocrx_word' id='word_1_204' title='bbox 814 2884 900 2947; x_wconf 68' lang='lat' dir='ltr'><strong>tangil</strong></span> <span class='ocrx_word' id='word_1_205' title='bbox 917 2888 1057 2949; x_wconf 86' lang='lat' dir='ltr'><strong>mortuum,</strong></span> 
     </span>
     <span class='ocr_line' id='line_1_31' title="bbox 226 2964 1057 3035; baseline 0 -12"><span class='ocrx_word' id='word_1_206' title='bbox 226 2972 288 3035; x_wconf 79' lang='lat' dir='ltr'><strong>quid</strong></span> <span class='ocrx_word' id='word_1_207' title='bbox 306 2969 410 3034; x_wconf 83' lang='lat' dir='ltr'><strong>urodcit</strong></span> <span class='ocrx_word' id='word_1_208' title='bbox 425 2964 524 3021; x_wconf 82' lang='lat' dir='ltr'><strong>lavatio</strong></span> <span class='ocrx_word' id='word_1_209' title='bbox 542 2964 632 3019; x_wconf 78' lang='lat' dir='ltr'><strong>illinst</strong></span> <span class='ocrx_word' id='word_1_210' title='bbox 661 2968 798 3030; x_wconf 87' lang='lat' dir='ltr'><strong>Similiter,</strong></span> <span class='ocrx_word' id='word_1_211' title='bbox 829 2968 874 3033; x_wconf 82' lang='lat' dir='ltr'><strong>oui</strong></span> <span class='ocrx_word' id='word_1_212' title='bbox 892 2969 925 3021; x_wconf 86' lang='lat' dir='ltr'><strong>dc</strong></span> <span class='ocrx_word' id='word_1_213' title='bbox 943 2972 1057 3033; x_wconf 78' lang='lat' dir='ltr'><strong>peccatis</strong></span> 
     </span>
     <span class='ocr_line' id='line_1_32' title="bbox 225 3050 1057 3117; baseline 0 -10"><span class='ocrx_word' id='word_1_214' title='bbox 225 3054 374 3117; x_wconf 71' lang='lat' dir='ltr'><strong>praeteritis</strong></span> <span class='ocrx_word' id='word_1_215' title='bbox 391 3053 480 3111; x_wconf 88' lang='lat' dir='ltr'><strong>dolet,</strong></span> <span class='ocrx_word' id='word_1_216' title='bbox 511 3055 539 3103; x_wconf 90' lang='lat' dir='ltr'><strong>et</strong></span> <span class='ocrx_word' id='word_1_217' title='bbox 555 3050 589 3101; x_wconf 87' lang='lat' dir='ltr'><strong>de</strong></span> <span class='ocrx_word' id='word_1_218' title='bbox 607 3055 709 3105; x_wconf 85' lang='lat' dir='ltr'><strong>caetero</strong></span> <span class='ocrx_word' id='word_1_219' title='bbox 727 3055 836 3114; x_wconf 79' lang='lat' dir='ltr'><strong>peccata</strong></span> <span class='ocrx_word' id='word_1_220' title='bbox 855 3053 989 3108; x_wconf 89' lang='lat' dir='ltr'><strong>dimittere</strong></span> <span class='ocrx_word' id='word_1_221' title='bbox 1009 3068 1057 3107; x_wconf 91' lang='lat' dir='ltr'><strong>nou</strong></span> 
     </span>
     <span class='ocr_line' id='line_1_33' title="bbox 225 3134 1057 3203; baseline 0 -12"><span class='ocrx_word' id='word_1_222' title='bbox 225 3141 357 3203; x_wconf 76' lang='lat' dir='ltr'><strong>prouenit,</strong></span> <span class='ocrx_word' id='word_1_223' title='bbox 375 3138 479 3191; x_wconf 87' lang='lat' dir='ltr'><strong>scilicet</strong></span> <span class='ocrx_word' id='word_1_224' title='bbox 494 3134 653 3199; x_wconf 79' lang='lat' dir='ltr'><strong>supertiam,</strong></span> <span class='ocrx_word' id='word_1_225' title='bbox 674 3136 819 3202; x_wconf 86' lang='lat' dir='ltr'><strong>invidiam,</strong></span> <span class='ocrx_word' id='word_1_226' title='bbox 839 3140 975 3192; x_wconf 87' lang='lat' dir='ltr'><strong>carnalem</strong></span> <span class='ocrx_word' id='word_1_227' title='bbox 995 3140 1057 3193; x_wconf 89' lang='lat' dir='ltr'><strong>ami·</strong></span> 
     </span>
    </p>
   </div>
   <div class='ocr_carea' id='block_1_3' title="bbox 0 0 1203 3759">
    <p class='ocr_par' dir='ltr' id='par_1_6' title="bbox 0 0 1203 3759">
     <span class='ocr_line' id='line_1_34' title="bbox 0 0 1203 3759; baseline 0 0"><span class='ocrx_word' id='word_1_228' title='bbox 0 0 1203 3759; x_wconf 95' lang='lat' dir='ltr'><strong> </strong></span> 
     </span>
    </p>
   </div>
  </div>
 </body>
</html>
