2384 3759
457 463 460 475 .
532 412 568 471 53

119 561 232 622 noteris,
251 567 321 608 unus
338 556 408 608 heus
425 559 452 608 et
468 556 602 610 hominus.
632 556 662 609 iit
688 556 716 609 in
745 558 786 610 his
804 558 889 613 trihus
905 572 966 626 per·

119 639 200 695 sonis
226 641 320 694 nuilus
349 646 391 695 est
415 643 488 706 prior
515 647 561 696 aut
577 643 724 705 posterior,
755 644 816 707 quia
834 648 966 700 coaeterni

119 731 198 781 sunt.
231 727 287 779 Nea
304 726 400 792 ationis
417 728 503 781 minor
519 732 561 781 est
578 733 625 781 aut
642 726 743 791 maior,
763 729 824 793 onia
842 735 903 783 sunt
919 744 967 796 ner

121 814 237 875 omnia,
266 815 295 864 et
320 812 348 864 in
374 813 494 866 omnihus
516 814 657 882 *aequales
689 812 816 865 ornarunt
833 817 921 867 tamen
938 814 967 867 in

120 898 346 965 proprietatibus.
379 899 443 961 Quia
461 900 539 952 Pater
556 902 598 952 est
615 897 766 963 ingenitus,
794 910 810 949 a
828 898 902 950 nulio
920 900 967 951 ha·

121 988 195 1038 hans
211 983 352 1047 originem.
382 983 462 1036 iiiios
479 996 542 1038 varo
560 997 576 1038 a
592 985 669 1037 Patre
688 988 729 1037 est
744 982 858 1048 genitus,
879 984 969 1037 lumen

123 1072 159 1125 tie
179 1071 294 1132 iumine,
313 1071 382 1121 heus
398 1080 478 1120 verus
496 1068 529 1120 tie
547 1067 600 1119 iieo
617 1080 689 1121 vero.
722 1067 835 1133 spiritns
861 1074 968 1122 sanatus

123 1170 177 1210 nee
195 1158 304 1209 oreatus
321 1158 371 1218 est,
388 1166 439 1207 neo
457 1155 569 1218 genitus,
588 1154 636 1206 seh
654 1154 800 1220 aequaiitar
811 1154 843 1207 ah
856 1159 969 1220 utroque

122 1242 287 1308 procedens.

198 1329 267 1380 item
281 1337 343 1378 vera
354 1324 419 1377 noes
434 1326 509 1389 tuhet
526 1325 642 1387 emtore,
661 1326 860 1391 quotitominus
878 1332 968 1385 noster

126 1416 208 1469 iesus
228 1413 347 1465 christus
365 1400 407 1463 est¹
423 1423 502 1464 verus
518 1411 605 1473 heus,
625 1416 652 1464 et
669 1424 747 1465 verus
765 1414 855 1467 homo:
884 1418 969 1468 aeter-

125 1501 231 1553 naliter
248 1498 282 1550 ‹ie
299 1498 376 1550 Patre
394 1501 481 1562 natus,
500 1498 643 1550 seeundum
662 1499 805 1566 Deitatem;
838 1505 969 1565 tempora·

126 1588 193 1640 iiten
220 1588 310 1637 autem
338 1584 372 1635 tie
396 1586 480 1636 matre
497 1586 582 1644 natus.
603 1585 745 1639 seeundum
763 1588 969 1651 humanitatem

126 1675 157 1724 et
184 1681 237 1734 ner
267 1668 355 1721 omnia
384 1669 503 1733 aequatis
519 1671 590 1725 Patri
620 1672 764 1724 secuntum
793 1672 967 1725 divinitatem.

128 1757 178 1820 oni
191 1754 320 1807 assuit
330 1753 443 1807 anhnam
456 1754 488 1807 tie
497 1756 591 1828 nihilo,
611 1760 638 1811 et
655 1768 762 1811 tarnem
780 1756 813 1809 de
830 1754 971 1819 purissimo
989 1764 994 1773 “

126 1842 261 1907 sanguine
287 1842 316 1893 B.
335 1842 364 1893 i.
395 1841 502 1894 itariae.
545 1842 717 1907 impassihiiis
748 1843 775 1893 et
802 1840 967 1905 immortalis,

128 1928 280 1982 secuntum
298 1926 478 1992 divinitatem
496 1928 630 1992 passihiiis
648 1931 675 1981 et
687 1927 807 1979 mortalis
824 1924 969 1979 seeundum

127 2014 335 2068 humanitatem.
360 2014 434 2078 Item,
454 2026 544 2067 veram
562 2015 640 2068 iidem
660 2013 760 2067 hahens
778 2011 863 2065 tradit
880 2018 971 2064 ornnes

129 2102 261 2155 menies
286 2098 349 2153 htei
375 2098 485 2153 tirmiter
501 2103 529 2153 et
545 2100 743 2163 indubitanter,
773 2102 874 2163 sentem
892 2098 972 2163 uerti·

128 2191 228 2240 nentes
246 2186 280 2237 ati
298 2179 481 2251 divinitatem,
509 2191 610 2251 sentem
636 2198 700 2243 vern
730 2186 763 2240 att
781 2185 971 2239 humanitatem

131 2275 196 2327 tatu
215 2271 322 2325 Christi.

200 2356 230 2412 2.
250 2358 288 2411 ao
307 2357 385 2410 iidem
402 2369 493 2412 veram
510 2356 636 2410 intineere
660 2368 708 2410 nos
725 2357 805 2410 dehet
822 2354 886 2411 hies
903 2357 972 2411 anti·

131 2456 246 2511 anonim
276 2443 412 2515 htteiinm,
443 2443 547 2497 seilicet
572 2444 721 2507 ahraham,
740 2444 814 2497 isaao
838 2448 864 2496 et
880 2444 970 2509 innah,

130 2534 230 2597 loysis
247 2534 276 2583 et
293 2531 431 2597 similium3
452 2530 517 2583 item
529 2528 682 2583 infidelium
700 2532 728 2581 et
744 2528 896 2594 gentilium,
921 2531 971 2583 soi·

132 2619 196 2672 iicet
222 2616 292 2680 ioh,
320 2618 410 2671 iiahah
428 2616 593 2681 meretricis,
622 2620 649 2670 et
671 2616 804 2669 similium.
836 2618 885 2670 Per
902 2618 973 2669 hane

130 2706 292 2769 placuerunt
309 2705 400 2755 omnes
417 2702 519 2768 antiqui
530 2704 592 2756 heo.
618 2704 650 2756 ot
665 2703 724 2755 sine
742 2702 793 2755 naa
811 2702 973 2767 impossihile

132 2795 173 2845 ast
191 2792 301 2855 niaaere
319 2790 385 2853 iieo,
404 2790 474 2842 siout
492 2788 556 2841 dicit
572 2779 717 2853 tinostoius.
752 2787 847 2852 (θεὸν.
868 2785 911 2850 11,
932 2782 971 2848 6,)

203 2876 244 2930 Ati
262 2876 333 2928 item
351 2875 543 2928 induceremus
561 2873 640 2928 hehet
665 2874 764 2938 duplex
781 2876 882 2928 utititas
901 2870 970 2922 hdei.

132 2966 199 3018 itam
219 2974 285 3016 vera
302 2960 367 3014 tides
385 2960 473 3013 omnia
491 2961 595 3024 potest,
626 2960 716 3013 omnia
734 2960 877 3023 impetrat,
905 2956 974 3005 teste

132 3051 246 3103 homino
263 3054 353 3101 nostro
370 3049 432 3101 iesu
450 3047 571 3108 christo,
592 3048 638 3111 qui
655 3047 707 3099 ait:
728 3046 819 3097 omnia
837 3036 974 3105 possibilia

132 3138 197 3189 sunt
215 3134 342 3189 aretienti.
364 3133 467 3198 (Marc.
486 3129 513 3195 9,
532 3128 592 3191 22.)
609 3133 653 3183 iit:
682 3128 782 3187 omnia,
803 3130 974 3187 quaeeunque

133 3219 370 3283 omnitenentis,
402 3218 519 3279 eredita,
548 3216 609 3281 qnia
628 3210 776 3273 accipietis,
808 3211 834 3255 ei
852 3201 976 3253 evenient
