2384 3759
604 337 640 392 24

202 482 345 540 nevernum
367 489 456 530 verum
475 481 502 530 et
519 479 568 532 noe
594 489 707 540 pamm,
734 480 841 542 propter
866 487 997 530 nauseam
1015 483 1044 532 et
1110 489 1114 528 i

203 564 371 628 asperitatem
390 569 481 628 postus
499 563 651 616 ioiiendsm.
688 563 752 626 uuiti
770 565 863 626 ioouar
874 563 908 616 de
925 563 1045 616 voiatiii·
1111 577 1114 614 i

205 651 269 703 nusi
286 661 344 702 uum
362 661 412 702 oua
430 653 537 713 puopier
553 661 646 702 earnes
663 653 690 701 et
706 649 748 700 iae
759 649 910 712 vitaverint,
930 661 1044 713 quorun
1112 695 1114 697 ,

203 747 285 790 naum
304 747 396 790 tornes
414 735 546 801 liquidas,
577 736 690 788 sitorum
715 734 871 799 sanguinem
892 745 952 788 esse
970 735 1043 788 dioe-

204 822 276 882 tant
297 823 354 874 soio
372 823 460 876 ooiore
478 824 586 874 mutato.

273 905 299 960 5.
321 910 508 971 Argumentum
532 917 611 958 uerae
637 904 812 957 abstinentiae
829 910 884 969 est,
909 919 968 959 eum
987 919 1044 960 non

203 995 289 1048 soium
307 993 430 1056 pretiosis
448 994 476 1044 et
493 989 615 1043 deiieetis
632 990 661 1042 in
671 991 784 1042 sanitate
796 981 855 1054 quis
871 992 911 1044 uti
927 993 1045 1056 respuit:

203 1078 250 1133 sed
270 1078 366 1142 etism,
393 1087 453 1128 oum
470 1073 627 1140 infirmitas,
655 1077 700 1129 rei
726 1076 780 1128 aiis
795 1078 941 1130 necessitas
957 1078 1044 1142 sopit,

204 1173 263 1216 eum
281 1163 371 1214 doiore
388 1161 484 1214 mentis
502 1161 621 1224 percipit
656 1163 736 1225 item,
760 1173 820 1214 eum
845 1172 898 1215 uon
920 1165 1007 1216 soium
1025 1175 1045 1216 n

205 1247 344 1308 delicatis,
372 1246 493 1310 pretiosis
519 1250 546 1298 et
563 1247 703 1310 supemnis
726 1247 856 1311 adsunam
882 1249 936 1301 iuno
960 1249 1045 1302 etiarn

205 1332 350 1388 necessarie
360 1331 408 1384 sini
420 1331 575 1397 quandoque
587 1332 727 1394 sudtmitit,
745 1338 775 1386 ut
786 1334 848 1386 aiiis
860 1331 1046 1398 indigentibus

205 1417 332 1483 impertiri
351 1416 442 1482 possit,
460 1416 536 1482 juxta
553 1419 621 1472 iilud
638 1419 667 1472 ii.
688 1419 850 1482 Hieronymi:
875 1419 948 1482 duod
965 1429 1045 1472 mun·

204 1505 441 1568 ostunensem,
470 1504 493 1556 si
511 1515 563 1558 non
577 1503 729 1570 laudares,
756 1506 790 1558 dn
808 1505 983 1570 pauperibus,
1011 1510 1047 1559 ut

203 1589 337 1654 ieiunium·
349 1589 465 1652 torporis
484 1589 519 1642 sit
535 1591 635 1644 sonitus
654 1592 771 1654 opimae,
795 1603 850 1645 non
867 1595 955 1644 eutem
971 1601 1045 1644 mer·

205 1675 275 1739 supii
294 1676 395 1730 luorum
417 1681 467 1728 eto.

275 1757 300 1812 6.
318 1763 503 1826 argumentum
522 1771 585 1814 vero
605 1761 689 1814 ramae
700 1759 937 1826 sustinentiaeest,
956 1762 1046 1816 vitare

206 1849 322 1912 pretiosa
339 1853 367 1900 at
385 1847 498 1902 deiieata
520 1851 622 1900 tantum
645 1857 676 1898 eo
693 1851 824 1910 tempore.
849 1856 901 1912 uuo
921 1859 976 1900 non
994 1848 1045 1900 im·

205 1935 315 1997 dentum
334 1935 377 1988 vei
395 1938 503 1998 propter
524 1943 619 1986 vanam
641 1932 766 1996 gloriam,
790 1937 823 1986 ut
838 1933 975 2011 laudetur3
998 1934 1046 1986 uei

206 2027 313 2084 propter
324 2020 488 2084 pereuntem,
507 2030 541 2071 ne
555 2018 760 2084 depauperemm
779 2019 822 2071 rei
834 2022 941 2083 propter
955 2018 1046 2072 avum·

206 2105 280 2168 tiam,
293 2109 323 2158 ut
334 2105 444 2167 ditetur,
465 2105 508 2158 vei
520 2103 552 2156 ad
565 2105 710 2157 pavendam
722 2105 840 2168 eorporis
850 2103 1045 2168 infirmitatem,

206 2193 250 2246 rei
277 2192 310 2242 ud
338 2190 471 2246 uitandam
493 2189 628 2246 iniamiam
654 2195 682 2242 et
707 2175 910 2246 domeuonems
936 2190 982 2241 rei
1008 2189 1046 2242 sd

207 2273 415 2340 tonsoquendam
443 2275 558 2340 alionum
577 2268 761 2340 dignitatem,
793 2281 839 2328 sut
865 2275 1047 2329 transitorium

207 2361 367 2424 utilitatem,
395 2365 421 2414 et
448 2373 499 2414 nou
523 2361 556 2413 sd
575 2361 773 2424 promerendam
791 2360 901 2425 sentiam
919 2359 947 2412 in
964 2372 1047 2424 prae·

207 2447 284 2510 senti,
303 2451 329 2498 et
347 2446 457 2510 proriam
476 2445 502 2496 in
522 2445 619 2500 nutum.

487 2725 790 2828 capusum(

445 2895 503 2953 iia
534 2897 805 2968 prudentia.

281 3043 305 3096 l.
324 3045 464 3100 Prudentia
482 3057 545 3099 vera
563 3049 641 3110 utque
661 3045 778 3108 perfeeto
794 3048 848 3109 est,
869 3057 976 3110 semper
997 3049 1049 3102 niti
1112 3044 1113 3061 ¹

210 3131 244 3186 ed
264 3132 439 3197 cognitionem
459 3129 563 3191 divinae
581 3135 709 3194 optume,
727 3133 755 3184 et
773 3130 978 3194 promnditstem
999 3136 1049 3188 nu·
