2384 3759
620 375 673 430 140

231 518 298 580 utro,
327 519 344 570 i.
365 530 388 570 e.
408 527 486 570 carne
504 516 608 578 curisti,
627 519 657 567 ut
674 516 756 576 prosit
774 514 877 568 cnidiae
896 519 924 568 ct
953 517 1070 580 ‘corpori

229 600 340 666 leand,
351 599 394 655 55.
432 604 479 664 dui
497 602 639 655 manducat
654 613 739 654 meam
758 613 863 654 carnem
882 605 934 656 etc.

570 754 723 768 ——u-

230 851 405 918 &madum
418 851 611 938 principale,
636 849 717 936 quod
734 845 854 934 Corpus
869 850 913 913 cit
928 849 1065 914 celatam

473 957 509 1017 ia
534 955 590 1017 icc
613 963 816 1017 sacramento.

526 1109 681 1181 CAPUT
703 1113 781 1178 VH.

230 1251 277 1306 lle
300 1249 406 1304 torma
429 1249 626 1317 donatianis,
655 1251 802 1306 videlicet
819 1265 883 1320 qua
907 1266 1065 1307 excausa

350 1335 441 1392 detur
459 1335 599 1392 velatum
617 1337 679 1393 huc
698 1337 952 1393 Sacramentum.

299 1459 447 1511 secundnm
476 1460 658 1524 principaliter
682 1460 751 1512 circa
770 1463 964 1512 sacramentum
983 1457 1063 1510 derni-

231 1548 318 1601 nicmn
349 1547 490 1600 noandum
521 1551 562 1600 cst
587 1548 672 1600 lcrma
691 1547 839 1600 donationis
866 1547 893 1596 et
910 1547 982 1598 circa
1000 1548 1064 1598 nanc

230 1633 284 1686 tria
303 1637 364 1685 sunt
375 1632 573 1684 consideranda.
605 1635 729 1696 Primum,
750 1633 816 1696 qnod
830 1631 954 1684 Dominus
974 1643 1063 1695 carnus

231 1733 308 1774 suum
335 1721 381 1773 dat
398 1720 522 1782 relatum,
551 1718 695 1771 secundnm
723 1718 795 1782 quod
818 1717 863 1768 dai
881 1719 998 1769 velatum
1016 1717 1062 1770 sut

228 1807 317 1870 specie
334 1805 418 1870 panis,
438 1806 544 1858 tertium
562 1805 630 1868 quod
650 1804 695 1856 dat
713 1805 828 1857 velatum
841 1803 895 1856 sub
913 1805 1002 1866 specie
1021 1816 1062 1866 ua·

228 1892 270 1944 nis
289 1891 376 1944 tritici.
416 1892 492 1943 Circa
509 1890 622 1953 primurn
640 1890 790 1953 sciendum,
810 1889 879 1954 quod
898 1888 976 1942 datur
992 1891 1062 1942 vela·

228 1982 284 2032 tum
317 1989 369 2030 mn
399 1977 499 2029 nudum
533 1976 676 2028 secundum
707 1977 774 2029 iilud
804 1976 908 2039 apocal.
939 1973 971 2038 ⁴2,
1004 1972 1059 2026 li:

230 2065 297 2116 dabo
315 2075 411 2116 manna
438 2062 616 2114 absconditum
644 2063 718 2125 quasi
745 2062 830 2114 cibum
857 2062 995 2114 caelestem
1020 2073 1061 2114 re-

230 2152 321 2202 latum.
359 2147 412 2200 Sed
430 2149 491 2213 qnia
508 2148 552 2200 liic
568 2151 698 2200 humanus
722 2159 814 2200 sensus
836 2149 950 2202 haesitat
972 2153 999 2200 et
1015 2148 1061 2200 mi·

229 2239 303 2288 ratur
320 2247 379 2286 cum
398 2234 470 2286 aliud
489 2235 606 2296 videtur,
633 2234 709 2297 hujus
739 2235 877 2288 velaminis
901 2233 1061 2299 quadruplex

230 2326 270 2374 est
286 2321 360 2373 ratic.

298 2407 384 2459 Prima
401 2411 441 2460 cst
458 2407 599 2470 indignitas
618 2407 755 2468 malorum,
776 2419 843 2470 quae
862 2407 946 2470 erigit
963 2409 992 2458 ut
1016 2419 1060 2460 re·

230 2494 315 2544 latur:
334 2492 403 2542 sicut
415 2505 495 2555 aeger
505 2495 603 2554 ccnlcs,
623 2497 653 2546 ut
669 2492 719 2544 sihi
737 2493 777 2544 sci
791 2498 817 2544 et
829 2491 965 2557 quodlibet
973 2494 1059 2546 iumen

230 2581 352 2640 tegatur:
382 2581 409 2628 et
426 2578 453 2628 in
473 2580 522 2630 licc
540 2579 727 2642 benignissime
751 2581 880 2642 agitem
907 2581 945 2632 cis
963 2581 1059 2636 miseri·

229 2662 319 2716 cordia
337 2663 491 2726 salvatoris3
509 2665 532 2715 si
551 2667 624 2728 pravi
643 2664 740 2718 nudum
759 2666 908 2730 aspicerent
935 2670 1058 2721 etiosa

228 2747 350 2800 fidelibus
376 2748 537 2812 manducari,
564 2763 598 2803 er
617 2752 673 2814 ipsc
692 2756 800 2815 aspectu
818 2753 1059 2808 scandalizarentur

227 2840 255 2888 ct
282 2833 422 2897 tripliciter
448 2834 515 2885 maie
544 2838 676 2897 perirent:
708 2839 833 2894 videlicet
862 2840 888 2891 in
917 2841 993 2893 corde
1017 2853 1059 2905 per

229 2923 373 2981 honorem,
391 2919 418 2970 in
436 2929 482 2970 cre
500 2930 547 2979 mr
565 2921 769 2988 detractionem,
791 2927 818 2978 in
837 2927 924 2978 anima
942 2939 990 2990 per
1006 2927 1057 2992 spi-

228 3007 350 3061 ritualem
370 3007 488 3056 mortem.
503 3029 537 3038 -
550 3003 585 3055 lie
604 3007 687 3067 primo
700 3012 864 3064 Ambrosius:
884 3015 959 3066 loric
978 3014 1056 3067 dices:

229 3093 359 3153 ducmcdc
377 3103 456 3145 rems
474 3091 599 3152 sanguis?
621 3095 681 3155 quia
701 3097 899 3155 similitudinem
918 3113 972 3152 nen
989 3102 1057 3154 vides

228 3178 323 3230 camis.
355 3177 466 3231 attende
484 3177 564 3228 verba
581 3179 691 3231 christi:
710 3184 852 3237 audientes
871 3187 941 3250 quod
959 3199 1056 3240 carnem
