2384 3759
553 373 587 426 tx

235 505 476 572 Enumerantur
490 505 520 590 a)
535 505 682 590 uirtutes,
704 530 786 593 quae
808 507 852 576 ad
874 509 984 597 proxi-

146 633 239 676 mum
262 618 429 696 spectant,
461 618 493 675 et
513 609 723 677 humanitatis
744 613 874 682 nomine
895 636 983 680 com·

148 710 407 800 prehenduntur:
429 735 546 797 purus
570 735 675 777 amor
696 735 772 800 erga
794 714 885 798 alios,
908 716 983 782 eha·

145 817 258 882 ritatis
276 815 407 881 nomine
429 837 616 902 expressum
648 819 880 904 compassio,
912 819 984 885 lar·

147 921 268 1008 gitas‚
307 918 592 1004 misericordia,
630 920 736 986 zeias
767 922 984 1018 animarum.

148 1022 252 1110 (Gap.
274 1022 303 1088 I.
325 1021 407 1088 XII.
429 1021 544 1088 XVII.
567 1023 669 1090 XIX.
691 1022 789 1091 XIV.
811 1024 963 1112 XXVI.)

234 1127 475 1192 Enumerantur
489 1129 526 1216 at)
542 1128 688 1214 virtutes,
711 1151 794 1215 quae
809 1129 984 1196 connexio·

144 1253 222 1298 nem
255 1238 399 1297 nostram
430 1241 463 1297 et
493 1253 567 1297 eum
589 1231 663 1298 Deo
685 1242 812 1300 etcum
834 1234 984 1319 proximo

145 1332 248 1400 simul
278 1334 537 1420 complectuntur
566 1343 600 1400 et
621 1335 795 1424 explicant:
833 1337 983 1419 charitas,

145 1435 333 1520 eoncordia,
352 1438 489 1524 justitia,
511 1438 705 1520 obedientia,
726 1463 801 1526 pax.
833 1437 932 1528 (Cap.
953 1439 983 1506 I.

144 1541 228 1608 XV.
251 1541 297 1606 X.
318 1541 383 1611 III.
404 1541 520 1630 XHI.)

236 1645 474 1711 Enumerantur
496 1648 524 1730 a)
548 1645 622 1712 iliae
643 1647 793 1730 virtutes,
817 1669 899 1732 quae
921 1647 983 1713 sub

144 1749 270 1838 tripiici
299 1759 449 1834 respectu
480 1749 697 1834 considerari,
734 1759 767 1815 et
800 1749 842 1814 ad
863 1749 983 1829 Deum,

145 1863 181 1920 et
211 1851 255 1918 ad
286 1875 338 1918 me
369 1853 497 1938 ipsum,
536 1863 568 1920 et
591 1852 633 1918 ad
654 1852 838 1938 proximum
874 1851 985 1916 referri

144 1965 301 2043 possunt:
324 1957 501 2041 maturitas,
524 1956 650 2044 religio,
671 1954 887 2042 poenitentia,
909 1977 982 2040 per·

146 2059 339 2140 severantia,
352 2059 552 2146 simplicitas.
564 2055 983 2145 (CapXXIXXXVIII.

145 2159 245 2230 XLI.
267 2163 379 2228 XLII.
402 2163 536 2250 XXX.)

551 2275 580 2342 7.

237 2413 385 2482 Virtutes
423 2413 614 2480 christianas
646 2413 702 2478 sic
723 2435 782 2480 nos
805 2411 900 2480 docet
921 2411 982 2478 Al·

146 2520 282 2602 bertus,
320 2528 357 2585 ut
387 2541 452 2584 non
485 2517 590 2586 solum
621 2517 820 2584 intellectum
837 2517 982 2606 justitiae

146 2621 340 2688 rudimentis
362 2623 501 2706 imbuat,
529 2620 588 2688 sed
611 2630 643 2686 et
665 2622 807 2688 animum
828 2620 872 2688 ad
893 2643 982 2688 amo-

147 2749 220 2794 rem
236 2726 384 2814 justitiae
406 2724 578 2814 pertrahat.

551 2839 582 2906 8.

238 2957 387 3026 Virtutes
418 2959 609 3026 'christianas
640 2958 688 3025 sie
719 2978 780 3022 nos
805 2954 902 3022 donet
922 2952 983 3018 Al-

148 3063 272 3144 bertus,
296 3071 333 3128 ut
355 3063 551 3157 etmotiva
572 3062 703 3138 afferat,
737 3079 820 3141 quae
841 3055 984 3118 animum

149 3165 193 3233 ad
214 3166 368 3234 virtutem
390 3162 648 3253 amplectendam
669 3159 843 3233 inducant,
875 3162 908 3217 et
928 3173 983 3220 are
