2384 3759
629 347 665 404 14

230 490 425 556 impatientiam
454 493 628 554 nroroeatur,
657 489 703 540 sed
733 487 872 540 eandorem
900 485 984 540 bonae
1001 496 1053 538 oon·

229 577 378 638 scientiae,
406 581 434 628 et
461 576 546 628 bonae
564 575 652 628 ismae
669 573 774 626 odorem
791 571 991 636 diligentissime
1008 582 1054 622 ser·
1106 576 1108 591 ²

232 673 296 716 rare
314 665 430 715 sonatur.
819 657 823 662 '
1108 670 1110 672 ’

302 747 328 802 3.
347 748 397 801 llie
415 758 478 800 rere
497 744 600 809 uadens
620 750 669 807 est,
696 743 814 808 quinon
829 744 913 794 solum
930 741 1056 793 molestias
1106 750 1110 782 l

229 833 320 888 illatas
332 832 463 897 patienter
480 832 584 892 tolerat,
603 830 651 881 sed
668 829 748 880 etiam
760 827 911 880 inferendas
922 827 1055 889 desiderat,

230 919 356 982 exemplo
372 919 435 972 lesu
454 916 559 977 consti,
578 915 704 966 disentiat
723 915 912 976 improperium
929 920 1058 976 exspecta·
1108 920 1110 953 ὲ

234 1006 273 1060 rit
291 1014 441 1058 cormeum
459 1007 486 1054 et
503 1000 644 1052 miseriam.
663 999 787 1063 (feam.
806 995 850 1062 68,
868 996 927 1060 21.)

301 1090 366 1141 llere
384 1088 487 1150 ostiens
506 1087 574 1138 luter
590 1085 696 1149 flogella
708 1097 760 1138 oon
771 1090 925 1148 murmurat,
943 1085 1060 1148 exemplo
1110 1120 1111 1125 η

229 1174 280 1230 loir
299 1171 339 1234 tl,
359 1169 428 1234 22),
448 1172 493 1236 uui
511 1171 579 1224 inter
596 1183 732 1235 prmum
749 1183 798 1224 uec
814 1171 994 1233 strrltumuuid
1005 1181 1061 1222 oon·

231 1263 273 1312 tra
300 1259 380 1310 iteum
408 1258 512 1308 loeutus
538 1262 599 1320 est;
628 1257 676 1309 sed
704 1263 793 1310 mente
818 1258 916 1321 gaudet
936 1256 1016 1308 ullarl
1032 1255 1062 1306 de

231 1345 316 1398 illatis
333 1342 472 1404 molestiis,
490 1347 517 1396 et
534 1353 569 1395 er
585 1342 665 1396 eorde
677 1344 776 1406 gratim
792 1344 856 1407 agit

301 1429 367 1482 llere
385 1428 488 1492 patiens
507 1439 554 1490 nro
572 1427 649 1480 illata
675 1429 773 1492 injuria
790 1439 921 1493 uunquam
939 1439 968 1479 se
987 1438 1065 1480 exeu-

230 1518 283 1578 sat,
313 1516 393 1568 etlam
419 1513 579 1578 requisitus,
607 1514 761 1568 ildelissimo
781 1516 835 1568 lieo
853 1514 882 1566 iu
897 1512 1021 1567 omullus
1039 1524 1064 1564 se

231 1601 409 1664 committens,
428 1600 472 1665 uui
490 1600 582 1664 utique
599 1604 717 1664 tempore
742 1612 791 1653 suo
808 1600 924 1653 omnium
941 1600 1067 1653 iunocen-

233 1687 298 1740 tlam
317 1685 510 1750 manliostalrlt3
540 1685 609 1738 sieut
625 1686 749 1739 Dominus
765 1687 840 1740 lesus
857 1687 1067 1750 interrogatores

232 1773 317 1828 Pilato
334 1784 387 1826 noo
402 1772 545 1836 resumito.
1110 1825 1114 1840 !

303 1860 367 1913 llere
397 1852 500 1924 pallens
530 1858 651 1922 iniuriam
680 1870 755 1910 suam
784 1858 852 1910 nulli
881 1858 1067 1921 conqueritum
1114 1868 1117 1905 ÷

234 1947 296 2010 qula
317 1958 351 2000 er
370 1945 478 2019 querela
498 1948 525 1996 et
541 1943 712 1996 excusatione
738 1953 812 1994 meus
827 1943 986 2008 quandoque
1003 1945 1068 1996 alle
1115 1970 1116 1973 =

231 2034 339 2096 ulatur,
373 2045 451 2098 uuam
470 2031 667 2084 alleviationem
684 2029 792 2082 mlulme
811 2034 901 2087 duruit
928 2028 978 2081 sed
995 2032 1068 2082 solua

233 2131 295 2172 eum
313 2119 365 2171 lieo
382 2118 532 2170 molestiam
550 2129 626 2169 suam
643 2119 739 2178 portat,
759 2116 843 2168 donee
860 2117 918 2180 pius
936 2122 965 2168 et
981 2113 1069 2168 tidelia

233 2203 358 2258 Dominus
389 2203 462 2255 illam
494 2213 540 2266 ner
566 2203 696 2254 internam
719 2203 925 2256 consolationem
944 2204 1067 2266 repellat
1113 2192 1116 2255 l

303 2284 329 2341 4.
361 2288 421 2341 iria
446 2294 526 2350 suot,
556 2299 625 2352 quae
652 2288 745 2340 merito
771 2289 896 2342 inducant
922 2287 955 2340 ad
979 2300 1069 2342 reram

234 2373 398 2439 patientiam.
443 2374 527 2426 linum
556 2379 609 2428 est:
646 2385 820 2437 cognoscere,
854 2373 925 2438 quod
951 2375 1069 2437 oeeoatia
1115 2368 1116 2443 ζ

233 2460 332 2512 nostns
349 2458 515 2522 exigentibus
532 2467 670 2512 artemam
687 2464 715 2512 et
732 2460 918 2514 amarissimam
930 2462 1070 2525 geieunae

234 2555 345 2609 noemam
363 2545 516 2606 meruimus,
534 2555 581 2608 oro
598 2547 673 2598 euius
689 2547 932 2610 reeomuematioue
947 2545 1071 2599 molestia

234 2631 368 2694 corporali
396 2630 545 2692 affligimur.
582 2633 659 2683 Aliud
683 2638 736 2684 est:
768 2633 836 2696 qood
853 2632 977 2684 llomious
993 2633 1071 2686 iesous

235 2715 353 2770 clrrlstus
384 2717 463 2780 longo
491 2720 607 2782 tempore
631 2719 737 2780 multis,
768 2717 848 2771 uariis
866 2721 893 2770 et
909 2719 1014 2782 maguis
1032 2718 1071 2770 iu·

230 2800 309 2866 iuriis
319 2801 471 2866 promeruit,
491 2806 529 2866 ui,
548 2801 632 2856 rirem
645 2803 695 2855 sibi
708 2803 890 2867 rependentes,
911 2804 985 2856 lrrerl
1005 2808 1071 2858 tem·

235 2899 299 2954 pore
317 2889 497 2941 molestemur.
531 2889 646 2942 Tertium
665 2896 719 2941 eat:
738 2890 806 2954 quod
825 2891 882 2953 inse
899 2890 967 2942 ileos
983 2889 1073 2953 iustus

234 2974 379 3030 seeundum
398 2974 604 3037 longitudinem,
632 2975 839 3040 magnitudinem
857 2978 884 3028 et
900 2976 1073 3039 asperitatem

234 3059 415 3116 molestiarum
428 3060 617 3124 remunerabit
628 3072 731 3115 omnem
749 3061 949 3125 longitudinem,
969 3063 1075 3117 diutur-

234 3145 345 3202 nitatem
374 3150 401 3200 et
430 3145 633 3200 delectationem
663 3147 879 3212 dulcedinemque
896 3148 1075 3215 gaudiorum
