2384 3759
632 352 683 431 rr'o

242 519 387 573 comederis
417 523 444 570 et
471 518 569 572 niteris
595 522 624 573 et
652 518 763 574 sotrum
782 518 872 580 tueris,
900 519 1067 583 debueritque

242 609 395 659 ouuottrum
421 616 508 659 rerum
534 607 651 669 mont,
681 606 799 663 elevetur
825 608 960 657 cortuum
978 608 1066 657 etnon

242 693 418 747 reminisceris
435 692 537 744 domini
554 692 601 744 ttei
619 692 667 745 tut.
704 690 777 743 siout
794 690 897 746 nnltttm
916 694 1067 743 momentum

243 781 299 841 est,
330 789 381 843 ono
411 790 464 830 non
482 778 564 829 utitur
582 778 660 829 torno
678 776 724 829 llei
746 776 878 838 bonitate,
908 776 947 829 itt
973 787 1068 839 semper

245 864 326 917 debet
342 876 400 917 esse
419 865 445 916 in
462 863 588 915 memorio
605 875 741 927 praesens.
763 863 852 922 (ulos.
873 864 905 915 tn
922 862 1014 925 dccl.)

314 948 564 1021 Secondotcooea
580 948 754 1002 institutionit
766 954 806 1001 est
817 948 974 1001 surridetum
984 946 1069 1001 ultoris

244 1042 337 1089 oontru
363 1037 494 1101 nuendum
523 1035 702 1099 quotidianum
736 1035 891 1088 delictorum
930 1037 1069 1087 nostrorum

244 1124 373 1186 rupinum,
392 1124 423 1178 ut
438 1121 506 1173 sieut
523 1132 618 1184 eorpus
636 1121 738 1173 domini
755 1121 837 1173 semel
854 1122 974 1178 obtutum
990 1123 1030 1172 εει
1045 1119 1069 1170 in

245 1219 323 1260 oruoe
350 1218 397 1270 nro
423 1206 512 1260 denno
539 1207 672 1271 originali,
705 1208 744 1259 sio
773 1207 896 1260 oderetur
913 1206 1069 1273 insitorum

246 1291 343 1343 nostris
369 1292 527 1355 quotidianis
546 1292 650 1345 delictis
678 1292 705 1345 ln
723 1293 801 1345 ulturi
824 1296 849 1344 ει
868 1292 965 1345 nabent
982 1292 1009 1345 iu
1026 1293 1070 1343 troo

245 1378 358 1429 eoeleste
376 1388 471 1430 munus
488 1379 522 1431 dd
540 1378 696 1442 placandum
715 1378 765 1430 sini
783 1380 873 1440 ileum,
893 1376 1070 1441 superomnia

246 1463 313 1526 legis
340 1464 466 1517 suerideit
492 1467 636 1529 pretiosum
663 1469 690 1517 ει
712 1469 856 1529 accentum.
893 1463 1010 1517 Placebit
1027 1464 1070 1516 lto

246 1549 318 1602 mino
344 1550 500 1604 sucrificium
527 1551 594 1604 ludo
621 1554 648 1603 et
664 1550 836 1613 Hierusalem,
863 1550 938 1615 quusi
964 1552 1033 1613 reus
1048 1551 1071 1599 et
1108 1582 1109 1615 ι

246 1636 359 1689 militine
377 1637 458 1696 (Mol.
478 1634 505 1698 3,
523 1634 573 1699 4.),
603 1637 620 1689 i.
642 1650 665 1689 e.
686 1638 780 1690 christi
800 1640 827 1689 et
843 1636 982 1689 ecelesiae.
1019 1635 1069 1688 lle

247 1724 347 1781 xnnder
364 1724 447 1787 Pone:
475 1724 545 1776 Nihil
563 1725 591 1775 in
610 1723 744 1776 storidciis
771 1722 903 1776 eeclesiae·
919 1723 1002 1786 matus
1020 1730 1071 1773 esse

247 1812 334 1873 potest
350 1821 427 1873 quom
446 1821 540 1873 eorpus
553 1814 579 1862 et
591 1812 699 1873 sanguis
712 1809 814 1863 christi.
852 1810 889 1863 Νε
907 1809 962 1861 utin
981 1807 1070 1861 ottrtin

247 1897 402 1959 teodotion
420 1899 468 1958 est,
497 1897 542 1949 sed
569 1908 660 1949 omnes
678 1896 829 1960 praecellit,
849 1906 917 1960 quoe
936 1906 999 1959 puro
1017 1904 1070 1946 oon·

246 1984 358 2038 seientia
386 1986 440 2038 ileo
468 1984 601 2036 offerendo
628 1985 668 2035 est
697 1985 724 2033 et
752 1994 817 2045 nuru
835 1985 924 2035 mente
941 1979 1068 2033 sumendi.

248 2070 279 2122 Et
306 2072 376 2123 siout
392 2070 477 2134 notior
495 2076 536 2122 est
561 2081 625 2132 orde
652 2068 776 2129 coeteris,
801 2067 837 2119 itu
854 2067 942 2132 notiore
961 2061 1070 2119 venerari

248 2155 335 2209 debet.
364 2158 401 2209 td
420 2159 470 2209 troo
486 2155 643 2209 suoridoinm
655 2154 852 2218 approbandum
864 2157 972 2205 notatur
982 2150 1070 2216 triplex

248 2241 315 2293 rntio
332 2242 449 2294 mutendi
468 2246 543 2295 vetus
560 2240 726 2295 snoritteium.

300 2326 385 2379 Primr
396 2329 538 2383 auotoritas
554 2328 635 2382 nostri
648 2327 781 2381 snnridoii:
801 2325 918 2391 potentio
935 2324 994 2378 soil.
1007 2320 1069 2379 ciri·

248 2412 291 2474 sd,
319 2412 363 2476 qni
390 2425 441 2465 non
467 2416 551 2468 sotum
571 2428 605 2468 ex
621 2426 662 2478 eo,
690 2413 757 2477 qnod
782 2417 822 2465 est
839 2412 964 2466 Dominus
990 2414 1016 2464 et
1030 2419 1069 2462 reu

248 2498 387 2551 universae
417 2505 516 2562 terroe,
548 2503 593 2554 sed
624 2513 658 2554 ex
686 2500 780 2553 summi
809 2498 941 2553 suorideiii
969 2499 1003 2550 nd
1020 2504 1069 2549 eum

248 2584 419 2636 transtatione
436 2589 520 2649 notuit
532 2593 559 2640 et
570 2588 661 2641 debuit
678 2599 753 2640 suum
772 2587 799 2638 in
817 2584 910 2637 melius
922 2583 1069 2637 snoriitoinn

249 2674 416 2722 commutare.
453 2673 555 2725 iuravit
572 2672 694 2727 Dominus
713 2676 739 2725 et
756 2684 809 2725 non
831 2671 977 2735 poenitebit
1002 2680 1067 2730 eun3

249 2757 279 2806 tu
297 2766 325 2806 es
342 2756 464 2807 sacerdos
481 2758 507 2808 in
526 2760 662 2811 ueternum
680 2758 824 2811 seeundum
843 2758 961 2811 ordinem
973 2753 1068 2810 Metoni-

247 2840 517 2906 sedeon.(1³s.1⁰9‚
541 2843 584 2904 5.)
620 2844 675 2897 Non
705 2844 768 2897 dicit
790 2844 935 2896 seeundum
962 2843 1069 2896 ordinem

248 2922 349 2990 Aaron,
370 2931 413 2981 vel
430 2929 572 2980 seeundum
590 2931 669 2983 ritum
690 2931 848 2991 Levittrum.
869 2932 913 2995 qui
931 2926 1069 2983 obtulerunt

246 3024 342 3065 corneo
359 3014 489 3065 hircorum
508 3020 535 3064 et
551 3017 695 3077 murorum,
723 3016 770 3068 sed
792 3017 936 3069 seeundum
963 3015 1069 3069 ordinem

247 3098 451 3162 ttetotrisedeelr,
469 3098 514 3163 qui
532 3100 629 3151 ontulit
646 3112 743 3163 ponem
760 3106 788 3153 ει
805 3103 904 3154 vinum.
942 3102 1012 3165 Quod
1028 3095 1070 3151 inii

245 3186 423 3237 necessarium
434 3184 579 3237 seeundum
596 3185 714 3239 ordinem
726 3188 917 3241 llelolrtoedeoir
935 3189 1016 3241 titum
1032 3194 1070 3237 er·
