2384 3759
613 306 650 363 tt

212 451 241 503 si
258 448 422 503 auxilianti
440 448 563 512 resurgit,
582 448 769 512 insertus-est,
793 448 816 500 si
838 459 955 513 umquem
979 452 1055 502 reeu-

213 540 293 600 peret
308 535 429 600 gratiam,
448 546 526 598 quam
543 534 665 597 arietat,
685 539 713 587 et
723 537 833 598 tenum,
853 536 979 599 quautam
993 539 1056 588 aute

214 620 319 673 ualuit.
356 622 437 673 llumo
449 621 520 673 euim
537 630 585 685 uer
594 632 624 671 se
635 620 730 674 eadere
741 624 835 685 potest,
853 632 947 685 perse
964 624 1055 675 autem

215 718 352 771 uunquam
377 718 516 771 murgere
536 710 638 770 uetest3
665 706 726 771 quia
752 717 812 758 earu
838 709 917 768 suut,
944 706 1055 770 spiritus

217 793 327 853 satiens,
347 796 376 845 et
391 804 444 845 uun
461 792 576 845 rediens
593 794 651 854 (Pa.
673 788 715 855 tt,
735 788 791 855 39.)

289 880 346 931 Alia
357 890 419 941 pars
431 890 509 931 verae
527 878 650 931 tristitiae
667 884 716 941 est,
735 878 803 943 quud
816 878 956 941 multiplex
969 878 1055 942 gratia

215 965 330 1018 effluens
348 978 365 1017 a
382 965 455 1017 iente
472 963 578 1017 divinae
595 964 701 1027 pietatis
718 964 751 1015 all
769 964 836 1017 ulluil
853 964 992 1028 redigitur,
1012 977 1055 1017 eo·

216 1052 289 1117 quud
307 1064 361 1103 neu
377 1051 519 1103 revertitur
536 1050 570 1102 all
586 1061 662 1102 suum
680 1048 851 1113 principium,
879 1048 948 1101 uude
968 1050 1054 1111 linxit,

216 1150 279 1189 eum
298 1136 439 1200 multiplici
461 1136 581 1200 lueuure,
609 1136 752 1188 secuudum
779 1134 971 1188 ordinationem
999 1138 1052 1189 liei.

111 1238 114 1243 ’
218 1225 274 1277 liae
291 1234 382 1274 omnes
398 1225 533 1275 creaturae
551 1223 630 1287 dirue
648 1221 744 1274 (lettere
761 1222 947 1284 ueu'uussent.

290 1304 315 1359 2.
335 1308 373 1360 Ati
391 1319 480 1361 veram
497 1308 630 1361 tristitiam
648 1308 772 1359 iuducere
789 1318 837 1359 uos
849 1306 928 1358 dehet
943 1306 1057 1359 sanetis

215 1393 315 1445 simum
333 1394 404 1447 vitae
420 1396 483 1449 lesu
501 1395 597 1449 curisti
614 1396 778 1459 exemplum,
802 1394 876 1447 cuius
897 1391 987 1445 anima
1010 1393 1055 1446 tri·

217 1478 268 1531 stis
287 1480 336 1532 ruit
354 1492 370 1531 a
387 1480 514 1545 pmncipiu
532 1481 603 1534 vitae
620 1493 683 1533 suae
706 1492 790 1545 usque
811 1480 845 1531 ael
862 1484 989 1531 mortem:
1009 1480 1055 1543 qui

218 1566 301 1619 etiam
319 1566 406 1619 tristes
423 1566 514 1620 beatus
532 1580 590 1620 esse
609 1566 756 1630 comitetur,
775 1566 876 1619 dieeus:
895 1565 982 1628 Beati,
1009 1565 1054 1629 qui

219 1654 331 1718 lugent,
359 1655 482 1719 quoniam
512 1654 562 1719 ipsi
588 1654 806 1714 consolamentum
835 1652 948 1713 (liutet.
968 1650 996 1715 5,
1015 1650 1055 1715 5.)

217 1739 283 1805 quia
301 1740 405 1792 ueuutsi
422 1751 471 1804 per
487 1740 620 1792 tristitiam
633 1740 730 1803 gaudia
747 1737 860 1791 inveniri
879 1738 997 1800 ualeant,
1017 1738 1056 1789 ‹li-

217 1826 259 1879 alt
275 1826 404 1890 quaedam
421 1826 516 1879 illoesa
533 1837 612 1889 super
629 1826 781 1877 eanonicam
792 1824 890 1877 locuti.
929 1823 966 1877 ild
986 1822 1056 1877 idem

218 1910 411 1980 induceremus
429 1911 508 1964 delet
525 1910 627 1963 utilitas
651 1922 685 1963 er
703 1922 734 1963 ea
757 1911 923 1975 proveniens.
961 1909 1057 1963 Utilior

218 2001 264 2049 est
280 1997 350 2050 euim
373 2008 436 2052 vera
455 1996 572 2061 tristitie,
592 2008 670 2062 quam
683 2009 745 2051 vera
758 1996 867 2061 laetitia,
887 1996 961 2060 iuxta
975 1996 1054 2048 illud:

218 2084 315 2135 lleiius
332 2088 373 2136 est
389 2086 428 2136 ire
445 2084 479 2136 ai
497 2085 602 2137 tamum
621 2084 715 2145 luctus,
735 2094 812 2147 quam
826 2082 859 2134 ull
871 2082 978 2133 domum
997 2092 1057 2133 eun·

222 2167 295 2220 viril
321 2168 425 2228 (lacte.
445 2165 471 2231 l,
491 2164 533 2230 3.)
555 2170 713 2233 Frequenter
731 2168 801 2220 enim
819 2180 852 2220 er
870 2167 967 2221 tristita
988 2167 1056 2232 quis·

219 2264 301 2317 quam
318 2252 485 2317 deprimitur3
508 2240 542 2307 ex
564 2254 666 2307 laetitia
690 2266 752 2308 veru
775 2256 900 2307 elevatur.
940 2255 972 2306 lit
989 2254 1057 2319 quoi

221 2335 398 2389 miserabilius
416 2341 474 2402 est,
500 2339 656 2403 quandoque
679 2339 708 2392 tit
729 2341 807 2392 luomu
831 2340 976 2403 spiritualis
994 2339 1057 2405 'pust

222 2424 353 2476 laetitiam
371 2427 398 2476 et
415 2426 580 2479 devotionem
599 2426 694 2479 mentis
712 2426 819 2479 liberior
836 2426 883 2478 llla
900 2426 954 2490 tile,
975 2431 1004 2479 et
1021 2428 1056 2479 iu·

219 2510 325 2564 cautior
341 2510 370 2563 iu
386 2510 463 2564 iacis
480 2512 544 2577 suis,
564 2524 641 2577 quam
660 2514 683 2565 sl
696 2514 795 2565 nullam
809 2512 938 2564 laetitiam
952 2512 1056 2565 habuis·

219 2599 272 2649 set
307 2596 364 2649 Alia
382 2600 423 2649 est
439 2598 540 2649 utilitas
558 2598 694 2651 tristitiae:
716 2598 779 2651 cum
799 2599 881 2650 oratio
900 2602 928 2650 et
950 2604 1055 2651 caetera

222 2683 291 2735 uuita
330 2693 410 2746 opera
444 2683 526 2736 lieum
556 2688 657 2747 ungant
692 2688 719 2735 et
748 2684 904 2747 mulceant3
939 2686 1055 2746 lacrima,

220 2768 305 2834 (quae
322 2772 364 2820 est
381 2768 489 2820 eileetus
507 2767 639 2833 tristitiae)
659 2770 739 2823 ileum
756 2769 841 2835 uegit,
868 2770 926 2825 sive
955 2770 1055 2835 pungit,

219 2856 368 2909 seeundum
385 2854 553 2907 liemaruum.
1106 2866 1107 2869 ¹

293 2942 319 2994 3.
339 2945 526 3005 Argumentum
542 2954 622 2995 uerae
640 2944 760 2996 tristitiae
778 2944 871 3007 habet,
891 2944 966 2996 euius
985 2954 1055 2997 mens
1106 2960 1107 2967 ¹

222 3038 259 3078 ex
277 3026 366 3080 uoluae
384 3038 437 3079 nou
454 3027 588 3091 alligitur,
608 3030 655 3081 sed
673 3031 804 3083 elevatur:
829 3040 879 3081 mee
902 3031 961 3082 vult
980 3042 996 3082 a
1014 3030 1056 3083 tri·

220 3109 298 3163 stitia
315 3110 431 3174 litterari,
449 3112 497 3164 sel
514 3122 618 3177 semper
630 3112 762 3167 desiderat
773 3115 936 3178 ampliorem.
969 3115 1057 3169 Tristi·
