2384 3759
632 405 683 462 164

240 563 291 605 nec
319 547 501 614 persingulas
527 547 655 600 minuitur
680 545 727 599 sed
754 547 884 611 integrum
911 557 940 598 se
968 546 1070 609 praeiet

244 640 272 692 ln
289 635 408 701 singulis.

311 721 425 775 lertinrn
443 717 565 772 mirabile
593 721 641 780 est,
671 717 740 783 pund
767 728 862 781 corpus
884 717 987 770 Domini
1013 718 1070 769 licet

238 809 278 862 sit
294 809 323 861 in
340 806 459 873 pluribus
477 804 541 856 lacis
559 805 603 856 vel
621 803 713 857 hestiis
731 807 777 856 aut
794 803 968 867 portionibus,
989 805 1069 856 tamen

240 906 290 961 per
305 897 393 959 partes
410 904 464 945 nun
481 893 522 942 est
538 890 652 944 ‹llvisum
674 891 727 943 seul
745 893 833 942 manet
850 891 879 942 in
897 902 927 943 se
945 891 1070 954 integrum
1109 879 1110 886 ’

241 983 270 1034 et
286 979 462 1044 conjunctum.
499 977 520 1029 l.
540 976 597 1029 cur.
620 972 724 1040 1,13.:
753 975 855 1028 Divisus
883 980 924 1029 est
942 976 1070 1030 christus?

241 1066 319 1129 Quasi
337 1064 448 1118 eliceret:
476 1075 531 1115 non
549 1066 590 1116 est
608 1061 716 1124 divisus,
746 1061 806 1127 qula
824 1060 887 1114 licet
905 1061 932 1113 in
951 1061 1024 1114 caelu
1041 1059 1070 1112 sit

241 1153 371 1213 localiter,
400 1150 427 1200 in
452 1149 534 1202 curate
559 1148 624 1212 jnsti
646 1147 827 1212 spiritualiter,
856 1147 884 1200 iu
902 1148 994 1200 multis
1012 1148 1071 1200 locis

241 1234 476 1296 sacramentaliter,
504 1234 593 1286 tamen
623 1236 712 1286 manet
738 1233 766 1286 in
793 1246 822 1286 se
846 1233 1010 1297 conjunctus.
1045 1233 1071 1285 rt

241 1324 284 1375 est
300 1320 378 1384 liuius
394 1319 523 1372 mirabilis
540 1320 580 1372 rei
597 1319 664 1372 ralia
683 1319 826 1372 inell'alrilis
842 1319 905 1372 unia
919 1319 1032 1373 heminis
1049 1322 1072 1370 et

240 1405 298 1469 liei,
316 1405 402 1459 carnis
428 1408 456 1458 et
472 1407 559 1459 verbi.
596 1405 670 1458 Unde
695 1405 763 1459 sicut
781 1405 892 1458 verbum
910 1407 957 1458 liei
979 1404 1072 1470 utiquc

241 1495 283 1546 est
308 1497 336 1545 ct
353 1495 436 1545 tatum
454 1493 540 1556 replet
557 1493 659 1546 caelum
688 1495 715 1545 et
737 1491 863 1546 mundum
880 1501 992 1544 manens
1010 1489 1072 1543 inti·

228 1579 336 1643 ¹visum,
363 1579 401 1630 slc
419 1578 492 1631 dedit
509 1580 620 1641 carpari,
649 1579 717 1642 quod
736 1578 858 1631 assumsit
876 1578 909 1630 tle
927 1578 1033 1642 virgine
1050 1579 1073 1628 et
1109 1589 1110 1644 }

241 1664 316 1718 (ledit
332 1663 470 1730 lpnstulis.
508 1663 635 1716 Divinitas
653 1664 738 1727 enim,
767 1664 948 1729 quaesitique
967 1667 1017 1727 est,
1036 1673 1072 1714 re·

239 1751 298 1818 piet
314 1751 383 1803 illntl
400 1755 429 1804 et
445 1749 580 1813 coniungit
597 1754 625 1803 et
642 1750 706 1802 laclt
731 1752 761 1802 ut
786 1750 856 1803 sicut
881 1750 939 1813 ipsa
957 1761 1012 1802 uua
1038 1750 1073 1801 est

240 1837 280 1889 lta
297 1837 397 1890 ueritas
414 1835 529 1900 carparis
543 1835 639 1890 curisti
658 1848 737 1888 arnum
751 1847 844 1899 corpus
862 1835 892 1888 llt
908 1835 936 1887 iu
953 1836 1070 1889 veritate.

240 1924 323 1986 luc:
351 1923 458 1985 wanda
484 1922 672 1976 manducamus
692 1922 837 1985 Christum,
865 1924 952 1986 partes
980 1921 1014 1974 de
1032 1921 1072 1974 illu

240 2020 295 2061 non
313 2009 434 2073 iacimus,
463 2007 510 2061 sed
537 2009 565 2060 in
583 2011 746 2062 sacramenta
764 2008 795 2061 tlt
811 2011 870 2074 unc,
899 2007 1072 2072 unnsquisque

240 2094 311 2159 unul
338 2094 444 2159 accipit.
488 2094 591 2157 Accipit
617 2094 794 2160 unusquisque
821 2097 921 2157 partem
948 2094 1072 2146 suamiu

239 2185 405 2234 sacramenta
433 2184 460 2234 et
486 2183 576 2233 manet
602 2183 672 2233 tutus
690 2181 793 2245 integer
811 2181 838 2232 iu
856 2181 952 2244 seipso.
990 2181 1073 2233 Manet

146 2255 148 2257 ’
238 2265 342 2330 integer
359 2269 429 2320 totns
447 2267 475 2318 iu
493 2267 567 2319 caela
586 2270 613 2319 et
631 2269 720 2322 manet
738 2267 840 2332 integer
856 2269 926 2319 tutus
953 2267 983 2328 in
1001 2265 1072 2320 corle

237 2353 292 2403 tun.
331 2354 410 2404 rcus
440 2353 510 2406 enlm
538 2357 595 2406 erat
614 2352 684 2416 apud
702 2353 814 2416 Patrem,
835 2353 939 2419 quande
957 2351 1071 2406 venitin

237 2435 381 2501 virginem,
401 2439 628 2502 implentium,
657 2449 710 2489 non
727 2439 837 2492 recessit
853 2438 886 2490 ab
905 2439 962 2492 illu.
1002 2437 1072 2491 Venit

237 2519 268 2572 ln
285 2533 407 2586 carnem,
437 2529 468 2577 ut
485 2536 547 2578 eum
564 2524 683 2577 hemines
701 2525 890 2579 manducarent
908 2529 935 2578 et
952 2525 1072 2580 manebat

237 2605 342 2669 integer
358 2609 428 2672 apul
445 2609 558 2670 Patrem,
590 2614 621 2662 ut
645 2610 753 2673 angelus
771 2616 898 2675 pasceret.
936 2612 1072 2677 ungarius

236 2694 279 2746 eat
298 2702 360 2756 erpa
377 2694 512 2757 llaminns,
539 2697 603 2749 licet
620 2696 701 2748 simus
720 2698 891 2761 corporaliter
908 2699 942 2750 alr
961 2698 1072 2752 inuicem

236 2775 330 2841 alvisi,
357 2779 387 2829 ut
412 2779 495 2831 simus
522 2793 626 2845 semper
643 2781 815 2846 spiritualiter
841 2785 868 2836 iu
886 2785 999 2839 caritate
1016 2797 1071 2838 cnu-

232 2861 319 2925 luuctl
336 2865 364 2914 et
381 2862 460 2925 disne
478 2876 531 2916 nun
549 2869 641 2928 pascat
658 2868 832 2932 inpraesenti
850 2883 897 2924 suo
909 2877 1071 2927 sacramento

237 2949 267 2998 et
283 2947 364 3010 plena
381 2958 441 2998 curn
458 2950 559 3010 augelis
577 2951 618 3002 sui
636 2953 738 3007 risione
758 2956 785 3009 ln
803 2957 900 3011 lutura.
937 2965 1028 3013 lmen.

578 3110 733 3128 *nu—
