2384 3759
536 336 571 392 ol

132 476 182 527 uisi
201 475 355 537 accepero)
372 485 480 541 prorsus
498 475 630 539 accipies,
655 476 678 528 si
700 476 764 529 tolio
785 478 968 543 postulaveris,

131 574 200 626 pune
220 560 352 621 utillum,
372 558 417 624 qui
435 561 549 624 petitur,
578 560 642 614 (loro
669 562 779 627 decent,
806 568 834 616 et
851 565 970 629 occipere

131 648 190 710 tilii,
211 648 259 713 uui
278 646 404 711 preconis,
424 646 555 709 expellet.
593 648 663 701 liceo
681 648 764 701 virtus
782 648 860 702 volte
878 650 969 703 leuiu-

130 734 193 787 uilis
212 737 264 796 est,
285 738 313 786 et
329 732 418 796 monui
435 725 523 785 meriti
539 744 628 785 corum
646 734 706 787 lieo.
738 736 775 787 lte
787 746 838 799 ouo
851 736 969 789 hortetur

129 821 280 885 Apostolus,
295 820 402 871 dicens:
422 818 507 872 Nolite
516 820 637 873 omittere
650 820 835 873 confidentium
845 826 968 887 vestrum,

130 918 198 971 unce
216 916 342 969 magnum
360 906 440 958 uolet
462 906 710 961 remunerationem.
736 906 829 967 (Heln.
850 904 893 971 10,
912 905 970 972 36.)

201 988 228 1044 3.
259 992 298 1044 nd
325 1002 415 1044 vorum
442 989 627 1045 confluentium
655 992 779 1045 inducero
805 1002 853 1045 nos
880 992 967 1055 (lebet,

131 1079 199 1143 puou
227 1077 396 1141 largissimus
417 1078 486 1131 Deus
509 1080 609 1143 cisque
633 1078 766 1132 desiderio
783 1082 872 1131 nostro
889 1090 969 1143 saepe

130 1166 232 1229 mojoru
257 1164 335 1216 uoltis
360 1164 407 1217 out
432 1177 467 1217 ex
492 1177 540 1218 suo
567 1177 641 1217 mero
665 1170 693 1219 ot
710 1165 969 1229 incomprehensibili

130 1252 272 1313 nouitate,
301 1262 378 1314 quom
403 1250 559 1303 noueremus
577 1250 737 1307 desiderare.
775 1252 881 1305 crouvlt
897 1253 968 1307 enlm

129 1349 179 1389 uus
209 1338 290 1389 Putet
319 1336 353 1389 ud
384 1336 526 1399 maginem
557 1336 708 1390 Triuitutis:
732 1340 760 1390 et
788 1340 968 1393 sanctissimus

129 1424 212 1477 Filius
230 1422 289 1485 ejus
307 1422 380 1475 iuuit
405 1423 484 1475 nouis
511 1434 617 1476 curnem
643 1435 717 1476 suurn
744 1424 771 1477 lu
798 1426 913 1489 ciuium,
942 1432 970 1480 et

130 1508 289 1573 sanguinem
306 1508 335 1561 in
351 1512 460 1571 potum,
488 1512 515 1561 et
540 1508 656 1561 culmum
683 1510 711 1562 in
737 1512 849 1573 pretium
866 1513 968 1565 redem-

130 1596 221 1648 tionis.
258 1595 319 1657 Quis
336 1583 406 1647 e'uim
424 1606 539 1660 nuquam
557 1596 600 1650 uel
617 1597 700 1649 semel
713 1595 821 1649 cuderet
833 1598 866 1649 cle
878 1598 968 1661 liujus·

130 1682 202 1735 morli
221 1680 358 1745 cogitoso?

202 1768 243 1821 ,tol
261 1766 331 1819 idem
356 1766 479 1821 inducere
505 1778 553 1819 nus
577 1766 656 1821 delet
674 1768 809 1831 dispositio
828 1768 968 1821 christiin

131 1866 219 1909 cruce.
257 1855 293 1907 lte
311 1855 360 1907 lnoc
386 1853 457 1905 enim
485 1854 550 1905 dicit
566 1855 594 1905 li.
616 1854 781 1905 Romanius:
810 1853 869 1915 puis
897 1855 967 1907 enim

132 1954 186 1993 oon
205 1942 342 2002 raperetur
358 1939 391 1991 oo
410 1952 493 2003 spem,
513 1942 540 1990 et
557 1940 591 1991 nil
610 1940 767 2003 impetrandi
787 1938 926 2003 illuuiem,
945 1942 971 1994 si·

133 2028 286 2081 attenderet
302 2026 329 2077 io
347 2038 424 2079 cruce
437 2026 531 2079 curisti
544 2028 660 2090 corporis
670 2026 887 2090 dispositionem?
905 2025 971 2079 little

132 2117 214 2177 copul
232 2112 385 2163 inclinatum
404 2110 438 2163 od
456 2112 644 2165 osculantium:
672 2114 778 2166 bruculo
806 2116 914 2165 extenso
934 2114 969 2167 uti

132 2197 353 2262 omplenuutlum:
373 2208 466 2249 munus
484 2198 631 2261 pectoratus
649 2199 681 2251 co
701 2199 878 2263 largientium:
899 2201 968 2254 lutus

132 2291 255 2350 opertum
282 2284 316 2337 ud
341 2284 518 2347 diligendum:
542 2284 622 2337 totius
648 2285 762 2347 corporis
789 2286 967 2339 extensionem

133 2374 167 2425 cil
184 2384 216 2424 se
234 2374 317 2423 loturo
335 2370 548 2434 impendentium.

203 2455 230 2509 4.
250 2460 437 2519 Argumentum
455 2467 534 2509 veruo
551 2454 726 2508 confidentius
744 2455 842 2520 uolet,
866 2458 910 2522 uui
934 2458 968 2510 clo

133 2544 253 2611 peccatis
269 2542 426 2596 mortalibus
443 2543 470 2594 io
488 2542 651 2595 conscientia
669 2553 722 2593 non
740 2542 881 2607 morietur,
901 2549 968 2597 teste

132 2635 253 2687 Joonne:
274 2627 307 2693 (l.
325 2626 353 2692 3,
372 2625 416 2681 21.
436 2625 496 2690 22.)
514 2628 542 2680 Si
560 2638 607 2680 cor
623 2630 741 2679 nostrum
758 2640 810 2679 non
828 2632 968 2693 reprehen-

134 2718 204 2771 derit
221 2727 288 2778 nos,
315 2714 436 2766 tiducinm
463 2713 590 2767 nolemus
616 2714 648 2766 co
667 2714 761 2767 Deum:
783 2716 816 2768 'et
843 2716 967 2781 quinquin

133 2802 307 2868 petierimus,
336 2800 494 2865 occipiemus
520 2800 553 2852 cl)
579 2812 621 2853 eo.
659 2801 731 2853 ilnde
755 2803 852 2865 legitur
870 2804 902 2854 oe
920 2805 968 2854 su·

133 2900 232 2943 sunno:
266 2888 326 2940 limi
351 2899 397 2940 cor
422 2887 479 2950 ejus
508 2886 630 2939 iliiuoium
660 2886 759 2939 habens
790 2888 817 2939 in
848 2886 965 2947 llomino,

134 2978 226 3037 (Dan.
247 2970 291 3035 13,
309 2971 366 3039 35.)
393 2975 454 3038 uuio
480 2973 646 3026 innocentem
673 2986 702 3026 se
726 2973 899 3037 cognovitne
918 2972 968 3023 cri·

133 3062 207 3115 mine
224 3058 334 3122 obiecto.
915 3082 923 3089 -

206 3144 284 3199 lilino
302 3147 485 3208 mouentum
503 3156 581 3198 verne
600 3142 773 3197 confluentiae
800 3139 896 3201 nubet,
924 3139 968 3201 uui

189 3236 321 3278 nicenum
336 3236 484 3278 summum.
797 3220 812 3272 l
