2384 3759
538 357 571 412 id

131 500 243 554 nardns:
265 501 295 552 ln
312 497 438 560 sinistra,
466 498 568 564 inquit,
591 499 638 552 bei
656 499 766 554 diuitiae
781 505 810 554 et
827 501 924 568 slsum
944 503 972 556 in

132 587 245 640 dextera
262 583 450 649 longiturnitas
466 585 546 638 vitae.
584 585 682 638 ilorum
696 585 811 638 omnium
823 589 932 641 aeterna
943 589 972 642 in

132 671 215 726 cuciis
231 670 373 723 aliiuentin
391 671 561 734 suppetebat3
588 671 636 724 sed
663 675 803 734 paupertas
824 683 877 725 non
898 674 973 727 inre·

132 757 259 810 aiebatur
275 756 303 808 in
322 756 368 808 eis.
441 756 520 810 Porro
537 757 565 810 ln
583 757 661 810 terris
679 757 848 820 abundabat,
877 763 904 812 et
929 772 973 814 aa·

132 841 337 908 perabundabat
353 841 419 893 baec
436 841 545 905 species,
564 846 591 894 et
609 843 745 896 nesciebat
762 845 839 896 bomo
859 847 972 907 predum

133 929 200 982 eins.
221 929 295 981 llanc
313 928 402 992 itaque
417 927 462 979 lici
475 928 554 981 Filius
566 929 763 992 concupiscens,
782 928 926 992 descendit,
946 935 976 984 ut

134 1021 195 1068 clm
213 1013 299 1078 eligat
315 1013 375 1075 sibi,
395 1017 423 1066 et
440 1013 515 1066 nobis
533 1025 635 1078 quoquc
662 1025 711 1067 sna
735 1014 918 1068 aestimatione
935 1015 975 1068 la·

135 1101 188 1156 ciat
206 1099 359 1164 pretiosam.

205 1187 253 1239 Est
270 1191 298 1236 ct
314 1185 385 1237 aliud
404 1185 566 1238 inductivum
584 1197 664 1238 verae
680 1187 851 1250 paupertatis,
874 1187 976 1241 scillcet

136 1273 221 1338 gloria
234 1271 391 1324 accessionis
401 1271 509 1333 bomini,
529 1271 639 1323 veniens
650 1281 685 1323 ex
703 1283 743 1333 eo,
763 1272 832 1336 quod
844 1283 974 1336 pauperes

136 1359 270 1424 ignobiles
287 1359 319 1410 ad
339 1359 408 1410 latus
426 1357 520 1410 Cbmsti
538 1356 667 1410 sedebunt
690 1356 717 1408 ln
734 1355 846 1420 iudicio,
871 1359 975 1412 nobiles

136 1450 164 1498 et
180 1443 279 1498 divites
302 1443 458 1507 iudicantes.
496 1443 559 1506 Eia,
589 1451 666 1506 uuam
694 1443 825 1496 laudabile
852 1447 893 1496 est
909 1445 973 1509 lieo,

135 1541 201 1596 pure
221 1529 311 1583 omnia
328 1535 434 1593 propter
450 1531 535 1592 ipsum
553 1528 717 1592 relinquere,
737 1541 879 1593 pauperem
897 1541 975 1594 prop·

136 1620 178 1672 ter
195 1627 314 1670 amorem
336 1616 382 1668 bei
408 1621 500 1678 sponte
519 1615 600 1676 deri,
627 1615 653 1666 in
671 1613 723 1665 lieo
746 1615 878 1667 conddere
896 1627 976 1678 super

136 1703 248 1764 omnia,
279 1701 349 1766 qnod
378 1705 431 1752 lam
461 1703 552 1764 potens
570 1699 622 1762 sit,
653 1700 735 1752 semel
767 1702 809 1753 sel
827 1701 868 1752 bis
886 1700 914 1752 in
932 1701 975 1752 dic

136 1789 292 1841 ministrare
310 1785 411 1850 corpori
429 1785 587 1847 necessaria,
608 1798 675 1850 puae
693 1786 802 1838 minima
819 1789 977 1848 reputantur

137 1881 228 1929 coram
258 1873 319 1924 lieo.
368 1871 431 1924 liam
462 1883 494 1924 ea
523 1872 615 1924 tribuit
645 1870 760 1922 inimicis
790 1869 976 1934 abundantius,

137 1971 220 2026 uuam
231 1957 332 2029 amicis,
352 1959 420 2010 sicut
432 1963 523 2020 polens
536 1961 584 2018 est,
606 1956 650 2007 die
661 1967 692 2008 ac
711 1960 797 2018 nocte,
818 1959 845 2006 el
862 1967 978 2010 momen·

137 2047 173 2099 tie
189 2045 304 2108 singulis
316 2043 462 2098 ministrare
474 2044 578 2106 spiritui
596 2041 785 2096 abundantiam
803 2041 979 2106 spiritualium

138 2131 281 2191 donorum,
299 2141 365 2194 puae
383 2129 497 2182 maxima
515 2134 577 2182 sunt
594 2140 682 2183 coram
701 2131 761 2182 beo.
790 2130 843 2184 Nec
860 2142 892 2183 ea
909 2143 979 2185 com·

138 2219 311 2273 manicantur
327 2215 454 2279 inimicis,
473 2215 521 2268 scd
539 2217 626 2270 solum
648 2215 743 2278 bonis,
772 2216 817 2280 qui
844 2219 906 2270 sunt
922 2216 980 2282 eins

139 2305 230 2358 amlcl.

211 2386 239 2441 4.
270 2391 456 2452 argumentum
486 2399 565 2441 uerae
595 2388 759 2451 paupertatis
788 2393 846 2450 est,
878 2390 979 2442 nullam

139 2473 340 2530 solicitudinem
367 2474 466 2526 babere
491 2473 524 2524 de
550 2473 721 2536 transitoriis3
751 2474 798 2527 sed
824 2475 980 2539 simpliciter

140 2566 169 2616 et
185 2571 282 2614 secure
300 2571 330 2612 se
347 2561 401 2613 beo
418 2559 599 2620 committere,
629 2560 673 2624 pai
692 2558 784 2612 ambus
801 2564 829 2612 et
847 2561 980 2615 vermibus

139 2658 249 2712 semper
275 2645 423 2700 necemaria
452 2647 525 2709 large
554 2643 746 2709 subministrat3
781 2649 807 2700 et
839 2647 980 2710 praecipue

140 2735 227 2802 pullis
245 2743 383 2786 corromm
402 2732 429 2784 iu
446 2732 509 2785 nido
527 2743 591 2796 prae
609 2733 679 2784 iane
701 2731 886 2796 repentinus,
913 2743 980 2796 pons

141 2821 269 2886 antiquus
297 2829 389 2872 coruus
417 2818 493 2883 niger
517 2821 625 2881 propter
642 2817 809 2880 albedinem,
840 2818 915 2881 qnasi
933 2815 980 2868 dlii

141 2907 186 2962 sni
206 2917 260 2958 nun
278 2905 339 2965 sint,
359 2905 496 2957 temelicos
514 2903 690 2968 derelinquit,
719 2903 764 2968 pul
789 2904 832 2956 vei
850 2914 885 2955 en
901 2901 982 2964 langl-

141 2995 200 3048 tate
218 2991 284 3054 bei,
316 2992 359 3043 vel
389 3002 423 3043 ex
452 3000 512 3042 rore
530 2989 599 3042 aeris
618 2992 773 3053 pascuntur,
804 2987 889 3040 donec
917 2984 981 3047 ipsis

142 3075 356 3146 nigrescentibus
374 3087 466 3129 coruus
485 3087 637 3137 succurrat,
665 3075 707 3127 vel
725 3071 850 3133 cyniphes
868 3073 895 3119 et
912 3079 981 3119 mus·

197 3168 290 3210 Albucii
302 3167 332 3208 id.
347 3167 496 3210 enchiridion.
810 3151 827 3200 2
