2384 3759
634 343 685 398 142

243 487 330 540 dentis
357 486 446 538 einen
472 485 614 539 dndmiem
632 495 720 538 uerum
738 484 820 537 ritum
839 483 1036 548 absconditum,
1055 491 1080 538 et

241 574 271 628 iu
288 585 339 639 pun
355 573 436 626 nestri
453 584 547 625 sensns
564 574 608 636 pie
625 576 687 624 suni
704 571 807 634 decepti
825 577 932 634 praeter
943 572 1079 635 uudiiurm

241 666 273 714 nt
288 662 323 713 sii
340 660 406 714 iides
422 671 455 711 ex
468 659 561 712 auditu
578 661 690 721 tentum,
710 663 736 710 ei
754 669 808 710 nnn
825 669 860 710 er
878 659 937 711 uisu
955 661 1001 711 uei
1020 659 1079 710 aliis

240 747 375 811 sensibus3
393 747 498 800 ruditus
514 754 604 799 entem
621 758 669 808 per
686 745 795 798 veritum
807 745 910 798 curisti.
930 769 966 782 ·-
986 745 1079 798 indde·

242 835 325 889 iiiuiis
343 843 406 898 erpu
423 833 569 885 remedium
587 831 680 896 erigii,
700 831 767 896 quud
780 841 873 894 eorpus
890 830 989 882 curisti
1009 834 1081 884 veir-

240 925 297 974 ium
315 921 401 983 detur,
419 922 450 971 ui
466 920 526 982 quin
543 930 637 972 seusus
659 919 737 982 primi
757 917 869 970 numinis
895 916 923 969 iu
941 916 1004 969 cibo
1021 929 1080 980 per·

241 1006 349 1060 ditionis
373 1017 441 1059 vane
458 1004 671 1067 delectabuntur,
698 1017 791 1057 sensus
814 1005 897 1066 nostri
915 1006 1037 1068 eorporis
1054 1005 1079 1058 iu

240 1092 300 1146 eiitu
316 1091 506 1145 benedictionis
522 1092 557 1142 nti
575 1091 658 1142 instar
673 1093 747 1144 isene
758 1090 912 1154 decipiatur,
932 1091 972 1144 itu
991 1096 1078 1144 iumen

241 1179 312 1244 qnod
330 1179 457 1237 Redeunt,
488 1178 507 1228 i.
527 1190 552 1229 e.
580 1178 668 1228 enimn
696 1177 723 1228 in
750 1176 801 1228 iide
821 1189 869 1229 sun
887 1188 942 1229 nun
960 1177 1074 1230 iniintur.

242 1264 331 1316 credit
348 1263 418 1314 enim
436 1273 498 1315 vere
517 1264 543 1315 in
556 1263 740 1318 benedictione
757 1275 833 1316 saera
850 1275 908 1316 esse
919 1264 1005 1318 tarni
1023 1265 1040 1316 i.
1053 1276 1074 1316 e.

242 1349 435 1413 enrpuscnristi
444 1352 560 1403 reintum
568 1350 821 1414 similitudineiisnm
831 1352 847 1402 i.
856 1362 879 1403 e.
890 1351 983 1414 speeie
991 1351 1074 1415 pan's.

282 1481 287 1486 .
311 1436 398 1489 Tertio
427 1435 490 1490 ddei
521 1438 646 1490 meritum
675 1437 776 1500 exigit,
805 1441 836 1488 ut
861 1437 969 1490 veletur
985 1449 1075 1500 eurpns

241 1522 345 1586 christi,
365 1523 425 1586 quin
444 1523 509 1575 dieii
526 1525 648 1586 Gregum
678 1524 752 1577 Fides
774 1535 827 1575 nnn
846 1523 927 1576 uniet
943 1525 1074 1581 meritum.

241 1609 283 1662 eui
302 1611 415 1662 irumrnn
433 1610 502 1662 rniie
519 1611 628 1672 praeiet
657 1610 880 1674 experimentum,
908 1611 1005 1675 supple
1022 1610 1074 1662 sui·

240 1695 339 1750 iitiens.
376 1696 495 1748 Vettium
525 1697 588 1749 dure
615 1697 701 1748 uuiuii
719 1697 841 1750 iiomiuus
868 1708 966 1763 eorpus
989 1709 1069 1757 suum,

240 1783 301 1848 puin
327 1783 355 1835 in
374 1783 423 1835 ime
440 1782 528 1846 petius
548 1783 653 1835 eredere
672 1783 758 1836 verbis
775 1784 829 1835 suis
856 1795 935 1847 quem
954 1783 1072 1836 sensibus

240 1871 337 1922 nostris
355 1881 478 1933 murnum
496 1869 577 1922 habet
593 1870 724 1923 meritum.
762 1869 844 1930 Beati,
870 1870 914 1934 qui
932 1882 986 1922 uun
1003 1870 1072 1923 uide·

239 1962 307 2011 runi.
323 1959 421 2019 (loun.
436 1955 483 2018 20,
495 1952 553 2015 29.)
581 1956 662 2018 iiujus
681 1957 802 2008 meritum
820 1954 881 2007 iidei
898 1955 956 2008 siue
975 1957 1071 2009 fructus

240 2045 340 2109 tripiex
358 2048 407 2107 esi,
427 2056 463 2095 se.
483 2043 660 2106 spiritualium
679 2044 805 2096 bonorum
824 2044 904 2105 pient
922 2043 1011 2106 eupit:
1030 2043 1071 2094 det

239 2130 287 2184 iiii
305 2132 373 2183 iieus
399 2129 432 2182 de
457 2141 517 2182 rnre
534 2130 691 2191 cueiiid'en.
703 2125 765 2191 27);
793 2129 977 2192 temporalium
994 2130 1071 2182 nitun-

241 2215 346 2268 dnniiu:
366 2216 400 2267 de
416 2216 578 2280 pinguedine
596 2216 878 2270 temnenbundnniinm
891 2217 972 2281 tid.);
990 2221 1070 2270 seier-

238 2313 329 2355 nnrum
358 2303 586 2366 supereffluentis:
618 2302 759 2356 credentes
783 2304 810 2355 in
834 2305 976 2367 christum,
998 2315 1070 2370 quem
1112 2351 1113 2356 ,

238 2401 291 2442 nun
305 2388 409 2450 videtis,
423 2389 576 2442 exuiiuititis
590 2387 691 2442 iuetiiin
701 2388 870 2442 inenarrabili
882 2394 908 2441 et
919 2390 1068 2454 pierideniu.

238 2470 445 2536 ii.l'etr.l,8.)

578 2611 734 2622 α--ο

513 2725 670 2794 CAPUT
700 2728 795 2794 VIII.

237 2863 286 2922 lie
304 2861 429 2921 duabus
452 2862 527 2920 eliis
544 2865 725 2922 rniinniiuus
742 2883 800 2924 nur
817 2882 938 2941 eorpus
951 2868 1067 2928 Chrisii

524 2948 616 3004 detur
633 2951 784 3010 uelatum.

306 3073 391 3127 ieriie
409 3072 485 3133 ratio,
515 3085 596 3137 quare
623 3085 718 3138 cerpus
742 3091 817 3131 suum
836 3079 882 3132 dui
898 3081 1016 3134 ueinium
1033 3082 1069 3133 esi

237 3157 374 3212 instructio
390 3169 500 3211 murum.
532 3159 655 3212 irruitur
669 3163 801 3224 snpientia
821 3165 854 3216 de
874 3167 993 3221 eeeuitis.
1008 3165 1069 3228 titii
