2384 3759
602 379 655 436 182

211 537 269 580 rus:
288 525 336 588 oui
353 525 482 612 scelerate
498 524 593 578 uiuunt
615 524 642 576 in
660 523 772 576 ecclesia
788 524 835 576 liei
853 528 881 578 et
899 528 1047 580 commuui-

211 624 273 664 eare
289 623 341 664 nou
360 611 483 662 desinunt
500 613 622 674 putantes
648 622 677 662 se
701 611 748 662 tali
767 611 954 664 commuuione
971 625 1048 665 muu-

212 699 277 762 dum,
291 698 393 751 discant
404 697 442 750 nit
454 696 487 748 ad
500 695 709 748 emendationem
722 696 849 760 prodcere
859 697 920 760 sitii,
942 698 1048 752 dicente

213 787 304 839 eoderu
317 784 458 848 propheta:
477 782 540 845 Quid
560 785 610 844 est,
629 781 697 847 qaod
715 782 827 834 dilectus
839 795 913 836 meus
927 784 955 836 iu
967 785 1048 837 domo

212 883 271 925 mea
297 870 362 924 iacit
387 871 488 921 scelem
514 863 613 920 multat
658 869 788 933 Numquid
818 881 910 922 carnes
937 874 1048 923 sanctae

213 959 334 1011 auferent
359 969 375 1008 a
401 959 428 1008 te
454 953 568 1019 malitias
586 954 661 1006 tuost
697 955 777 1017 Quasi
797 955 908 1008 diceret:
928 967 983 1008 uon
1002 969 1048 1008 au·

212 1047 301 1100 lerunt
318 1045 364 1097 sed
383 1045 560 1108 augmentant.
580 1067 616 1078 -
634 1041 716 1106 liuius
733 1041 830 1106 triplex
848 1044 889 1093 est
905 1041 989 1094 ratio:

240 1155 244 1162 ·
282 1133 368 1186 Primo
385 1140 509 1194 perversa
525 1127 645 1182 intentio.
672 1127 788 1182 Actionis
800 1126 868 1180 enlm
881 1128 1049 1180 voluntariae

213 1220 311 1283 triplex
329 1220 370 1269 est
386 1215 462 1289 radix
480 1212 537 1267 slve
555 1213 727 1278 principium:
746 1215 790 1266 uel
808 1216 911 1274 natura,
931 1215 976 1266 uel
996 1214 1048 1266 vir·

213 1307 255 1359 tus
272 1304 350 1364 loona,
368 1301 412 1353 vel
431 1299 521 1353 libido.
558 1301 646 1352 omnis
670 1300 738 1352 actio
757 1301 830 1364 eujus
848 1299 924 1353 radix
942 1304 985 1352 est
1002 1311 1048 1351 na·

210 1393 271 1443 tura
287 1389 332 1441 uel
349 1387 443 1448 uirtus,
471 1387 541 1439 oona
560 1390 613 1452 est;
644 1385 718 1450 colus
744 1390 832 1438 numm
858 1385 935 1438 radia
954 1385 1045 1448 liltldo,

210 1475 281 1530 mala
299 1477 348 1527 est
384 1472 435 1526 sed
453 1473 519 1537 eius,
546 1472 591 1537 qni
611 1471 637 1524 in
655 1475 762 1537 peceato
779 1469 887 1525 mortali
904 1476 946 1524 est
962 1473 1050 1524 scien-

211 1561 253 1613 ter
270 1563 298 1612 et
313 1560 394 1612 sumit
411 1569 503 1622 corpus
522 1555 631 1622 coristi,
651 1569 702 1610 non
725 1561 811 1622 potest
829 1567 887 1610 esse
904 1557 984 1610 radix
1002 1571 1050 1610 na·

210 1649 271 1700 tura
282 1657 368 1711 neque
379 1645 472 1708 virtus,
491 1655 600 1709 quarum
618 1647 712 1696 neutra
730 1643 906 1708 aliquomodo
925 1645 1047 1706 dictaret,

212 1733 282 1800 cuod
300 1733 394 1798 aliquis
411 1743 466 1784 rem
479 1731 622 1795 pretiosam
641 1743 671 1783 ac
689 1729 866 1784 venerandam
885 1731 912 1782 in
927 1731 987 1783 loco
1006 1732 1050 1784 vel

211 1831 276 1874 uase
302 1818 438 1872 immundo
465 1820 588 1883 poneret;
618 1817 688 1869 unde
706 1817 861 1880 peccatoris,
891 1817 936 1881 qui
955 1829 1051 1881 corpus
1114 1855 1115 1858 ,

211 1904 315 1959 mmlul
341 1916 448 1957 sumens
473 1904 548 1967 ponit
571 1903 599 1954 iu
626 1913 672 1955 ore
688 1913 737 1955 suo
760 1903 860 1966 polluto
885 1907 911 1956 et
929 1915 1050 1968 corpore,

211 1991 287 2045 radia
305 1995 347 2044 est
363 1990 455 2052 touton,
485 1991 502 2042 l.
524 2001 547 2042 e.
575 1999 700 2052 perversa
721 1989 832 2042 intentio
850 1992 880 2042 ut
898 1990 966 2042 lucri
985 1995 1051 2043 tem·

211 2076 312 2141 poralis
328 2079 372 2130 vel
388 2087 474 2130 uanae
492 2073 579 2128 laudis
595 2077 639 2128 uel
658 2075 769 2140 alicuius
787 2076 958 2140 deceptionis.

282 2163 401 2216 secunda
419 2164 486 2217 ratio
504 2163 599 2227 culpae
616 2163 727 2215 istorum
749 2167 790 2216 est
812 2163 893 2216 divini
911 2163 1050 2228 praecepti

211 2250 394 2314 transgressio.
425 2251 499 2302 Sicut
516 2249 585 2301 enim
604 2249 727 2301 Dominus
745 2249 773 2302 iu
791 2253 862 2302 statu
880 2250 1050 2302 innocentiae

211 2335 313 2400 denum
330 2336 401 2388 ettae
419 2336 452 2388 ad
470 2335 601 2388 edendum
620 2336 749 2389 concessit
771 2339 798 2389 et
821 2335 936 2390 instato
955 2337 1051 2400 culpae

212 2421 362 2485 pronlonlt:
383 2421 422 2474 slc
438 2423 515 2474 uobis
533 2423 560 2473 in
578 2423 649 2474 statu
666 2419 735 2474 bono
760 2433 854 2487 corpus
873 2422 969 2475 consti
989 2435 1052 2476 eon·

212 2506 316 2560 ceditur
341 2512 369 2559 et
393 2507 422 2559 ln
448 2510 520 2561 malo
537 2507 707 2571 prohibetur:
734 2507 820 2562 Nolite
847 2511 967 2560 sanctum
987 2509 1051 2561 dare

212 2592 323 2647 mnibus
349 2593 367 2644 l.
391 2605 414 2645 e.
443 2594 584 2646 immundis
614 2593 801 2657 peccatoribus.
824 2593 940 2658 (diutile.
963 2595 990 2656 i,
1011 2591 1050 2656 6.)

212 2678 304 2741 nomo,
332 2679 377 2744 pul
394 2680 516 2733 nocnerit
533 2681 677 2745 maculam,
705 2693 758 2733 non
776 2681 869 2734 oll'e'rat
886 2693 984 2744 panem
1003 2682 1050 2734 lio-

212 2765 295 2830 mlno,
314 2777 349 2818 ne
367 2769 476 2819 accedat
493 2767 526 2818 ad
538 2767 714 2820 ministerium
732 2767 796 2831 elus.
811 2767 887 2831 (Leo.
901 2766 946 2827 21,
958 2763 1016 2830 li.)

282 2853 368 2904 tertia
380 2853 448 2905 ratio
460 2854 555 2914 cnlpae
572 2854 680 2906 istorum
698 2857 739 2906 est
750 2854 865 2906 maxima
877 2853 1047 2918 ingratitudo.

213 2938 284 3000 duae
301 2939 372 2990 enim
389 2940 477 3000 potest
494 2947 551 2987 esse
563 2939 654 3004 mator,
673 2951 749 3004 quam
768 2941 791 2992 si
810 2941 867 3004 puls
880 2941 982 2992 hahens
1001 2941 1049 2993 lio·

212 3021 322 3084 urinum,
350 3033 367 3073 a
393 3031 444 3084 ouo
472 3020 618 3082 accepisset
643 3025 767 3089 quiequid
794 3025 855 3078 boni
883 3026 1007 3092 haberet,
1024 3027 1049 3077 et

213 3105 300 3167 ipsum
316 3105 426 3168 insuper
442 3109 526 3156 morte
543 3119 591 3159 sua
610 3108 643 3159 de
660 3111 801 3175 suspendio
820 3113 967 3178 liberasset,
987 3123 1048 3165 euu-

214 3186 274 3238 deor
300 3189 437 3242 Dominum
465 3190 492 3241 in
518 3191 651 3244 stabulum
685 3195 920 3250 immundissimum
948 3197 1047 3250 inimici
