2384 3759
547 344 581 401 81

138 480 263 556 (Molli.
284 484 311 552 5,
332 484 392 547 37.)
423 487 453 541 lo
471 491 525 539 eat:
553 498 622 553 quae
640 487 741 541 babetis
760 488 787 541 in
806 490 901 551 curie,
923 502 985 555 pra·

139 577 211 629 iertc
242 586 306 637 ore,
336 578 365 626 et
390 572 514 626 exbibete
542 584 631 637 opere.
672 574 703 627 Ei
731 574 758 627 lt.
777 577 908 630 lacobus:
939 577 985 630 vir
1014 574 1018 583 '

139 662 245 725 duplex
275 660 363 712 animo
391 658 543 711 inconstans
570 662 612 710 est
637 658 665 711 in
691 660 812 713 omnibns
839 660 889 713 vlla
916 662 981 715 suis.

140 746 226 812 (lac.
247 744 274 810 1,
293 742 334 807 8.)
367 745 399 797 nt
428 744 575 807 duplicibus
601 744 727 799 Dominus
756 747 908 810 maledicit,
939 749 983 813 qni

138 834 246 887 scilicet
263 832 364 886 servire
381 830 475 884 uolunt
491 830 570 885 simul
587 831 640 887 ileo
659 836 686 886 et
703 832 818 895 diabolo,
838 834 865 885 iri
883 838 936 886 cst:
956 835 983 885 in

142 921 261 985 peccatis
291 921 319 971 et
344 918 421 970 bonis
444 916 566 981 operibus
582 929 642 971 sese
661 930 793 972 exercere.
823 920 918 972 contra
936 921 985 972 bas

142 1017 260 1070 namque
287 1003 352 1056 llicit
368 1004 509 1057 boninus:
541 1004 599 1057 lion
624 1004 734 1067 potestis
753 1004 853 1057 duobus
872 1006 985 1057 dominis

141 1091 255 1151 servire,
277 1088 392 1151 (Matio.
412 1085 439 1151 6,
457 1083 515 1148 24.)
534 1088 636 1140 scilicet
653 1090 798 1143 contrariis.
819 1090 882 1143 llam
901 1090 985 1145 virtus

142 1180 172 1230 et
187 1176 294 1237 vitium,
313 1175 411 1226 bonnm
432 1176 458 1225 et
475 1174 574 1225 malum
593 1173 697 1237 penitus
716 1174 897 1229 adversantur.
917 1178 984 1231 cou-

144 1268 185 1316 tra
213 1274 261 1314 eos
287 1273 369 1324 vero,
401 1260 446 1325 qni
476 1260 618 1312 intendunt
635 1261 687 1313 ileo
706 1262 812 1324 placere
830 1267 857 1316 et
874 1264 981 1326 munio,

143 1350 211 1402 tiicit
227 1346 354 1401 lacobus:
381 1347 533 1411 Quicunque
558 1346 673 1399 voluerii
691 1347 789 1400 amicus
807 1360 865 1401 esse
882 1350 984 1401 saeculi

145 1436 234 1500 buius,
255 1434 378 1485 inimicus
396 1432 442 1485 bei
461 1432 639 1485 constituitur.
660 1430 738 1495 (soc.
758 1430 785 1497 4,
804 1430 843 1495 4.)

214 1520 241 1572 6.
273 1522 461 1583 Argumentum
491 1518 574 1571 ialsae
603 1518 778 1581 simplicitatis
808 1520 905 1584 babet,
939 1522 983 1585 qui

144 1607 295 1672 simplicem
323 1617 353 1657 ae
380 1606 487 1657 exhibet
512 1604 541 1656 ln
559 1604 683 1657 exteriori
710 1606 926 1668 conversatione,
958 1609 985 1657 at

146 1697 235 1747 tamen
254 1692 345 1745 dolum
363 1694 450 1755 gestat
467 1692 494 1743 in
512 1691 598 1743 corle.
631 1690 667 1743 ile
694 1691 743 1743 luoc
762 1690 825 1743 (licit
842 1690 983 1743 ieremias:

146 1779 332 1845 Unusquisque
357 1788 386 1829 se
404 1790 419 1829 a
437 1778 567 1841 proximo>
578 1788 626 1829 suo
644 1776 793 1839 custodiat,
822 1779 849 1827 et
866 1776 895 1827 ln
913 1776 985 1838 omni

146 1868 227 1921 tratre
256 1876 307 1917 sno
337 1874 390 1914 non
416 1863 513 1915 babeat
541 1862 681 1915 fiduciam:
714 1863 775 1928 quia
800 1862 885 1914 omnis
905 1862 986 1915 irater

146 1954 323 2018 supplantans
341 1948 529 2013 supplantabit,
550 1950 670 2003 etomnls
690 1950 787 2003 amicus
806 1948 988 2001 fraudulenter

147 2040 260 2093 incedet.
288 2036 410 2101 (lerona
428 2034 454 2098 9,
475 2031 517 2097 4.)

490 2206 646 2219 m

408 2352 564 2424 CAPUT
591 2354 731 2423 XXXI.

344 2492 403 2549 ila
433 2492 798 2549 taciturnitate.

219 2636 246 2689 1.
267 2632 442 2688 raclamnitas
470 2645 533 2686 uera
561 2637 588 2686 et
605 2632 722 2696 perlecta
741 2636 797 2695 est,
830 2644 883 2685 non
901 2635 989 2686 solum

148 2714 419 2783 moderari‘llnguam
438 2718 553 2773 averbls
571 2718 688 2783 iilicltls;
709 2720 752 2779 (ut
769 2722 830 2771 sunt
849 2718 989 2771 detractio·

147 2822 216 2873 nes,
250 2806 401 2875 menoacla,
416 2806 553 2874 periuria,
574 2804 723 2871 impudica,
743 2804 832 2868 lelio,
852 2804 989 2866 iracunda,

149 2895 258 2957 nociva,
278 2894 416 2957 maledica,
435 2892 528 2957 otiosa,
547 2896 575 2945 et
592 2892 703 2953 similia)
721 2892 768 2944 seo
786 2892 866 2945 etiam
886 2890 919 2941 ab
937 2888 990 2941 utl-

150 2982 223 3035 llbns
250 2984 279 3033 et
303 2980 400 3042 licitis,
430 2980 506 3043 iuxta
531 2978 612 3031 illuri:
643 2978 772 3041 obmutui,
792 2980 819 3029 et
836 2973 990 3027 humiliatus

149 3082 222 3133 snm,
243 3064 485 3129 nullatemus,
506 3064 567 3128 (Pa.
587 3060 632 3126 38,
652 3060 691 3127 3.)
710 3062 810 3115 scillcet
832 3058 990 3110 aununtian-

150 3155 204 3208 ells.
247 3152 316 3205 llicit
333 3153 441 3204 Glossa:
473 3150 522 3202 ille
548 3162 601 3201 non
628 3148 698 3201 cadit
725 3144 757 3195 ad
776 3142 877 3201 illicita,
899 3140 943 3203 qni
961 3152 991 3191 se

205 3244 298 3286 muana
311 3245 341 3283 aa.
355 3240 505 3283 antuniana.
818 3223 834 3273 6
