2384 3759
522 320 559 375 65

116 466 155 519 tia
172 475 251 525 vero,
272 475 289 514 a
307 473 358 526 qua
377 472 453 513 mens
470 461 614 525 amicitur,
643 464 669 513 et
693 474 708 515 a
727 475 777 527 qna
796 462 855 529 quis
872 464 960 518 subito

117 549 230 603 liberari
249 549 369 610 conatur,
388 545 483 609 injusta
502 549 551 599 eat.
583 546 654 600 Talis
667 550 707 599 est
723 548 838 611 tristitia,
858 550 890 602 tia
909 562 960 614 qua

116 638 247 699 berintum
264 635 318 685 est:
346 632 458 697 spiritus
475 632 558 686 tristis
578 633 696 685 exsiccat
713 644 785 697 ossa,
805 634 896 698 (Pron
916 631 959 697 li,

117 719 172 785 22.)
191 720 301 773 seilicet
317 718 453 771 sinotum.
488 719 520 771 iit
541 717 668 771 lacobus:
696 719 737 771 ira
763 714 813 771 viri
841 716 959 783 (veniens

117 820 151 859 ex
167 804 296 863 tristitia)
311 802 440 865 iustitiam
457 802 503 855 bei
522 814 575 855 non
593 805 725 866 operatur.
757 801 831 867 (luc.
852 802 884 867 1,
903 802 959 870 bo.)

117 892 311 955 Argumentum
329 899 409 940 verae
427 888 549 941 tristitiae
566 888 656 952 babet,
676 890 720 955 oui
738 902 754 942 a
772 890 891 942 delicatis
904 892 959 955 qui·

118 976 237 1027 buslibet
253 971 361 1026 cohibet
376 985 470 1026 seusus
489 986 567 1027 suos:
597 987 650 1027 non
678 975 767 1039 vitiet,
796 988 849 1028 nou
876 976 958 1039 audit,

117 1074 169 1113 nou
188 1062 290 1124 gustat,
308 1070 362 1110 uon
379 1058 503 1111 odoratur
519 1060 628 1124 aliquit,
647 1072 697 1113 nec
713 1061 807 1125 tangit,
827 1072 874 1125 ner
891 1062 960 1125 uuoo

117 1144 252 1199 moestitia
270 1144 388 1207 mitigari
405 1149 501 1208 potest.
538 1146 613 1209 Fugit
637 1145 715 1198 etiam
739 1157 843 1199 omnem
861 1148 958 1211 locum,

116 1237 144 1285 et
160 1242 257 1283 omnes
276 1230 410 1292 homines,
434 1242 467 1283 ex
486 1242 602 1295 *quorum
621 1232 751 1285 consortio
773 1233 856 1287 minui
873 1236 960 1297 potest

116 1319 197 1371 toior
213 1316 311 1369 bordis.
350 1316 442 1369 certus
460 1319 500 1368 est
519 1315 599 1378 enim,
618 1316 810 1369 securissimam
830 1318 899 1371 viam
917 1330 958 1371 es·

116 1415 154 1467 se,
175 1404 204 1453 in
225 1413 291 1456 vera
308 1400 412 1453 tristitia
430 1400 512 1453 uitam
529 1399 619 1464 iinire,
641 1400 717 1465 iuxta
739 1402 820 1456 iiiut:
844 1404 893 1457 cor
916 1416 958 1456 su·

116 1489 269 1552 utentium,
296 1486 342 1538 ubi
368 1486 489 1547 tristitia:
519 1497 565 1540 eor
589 1488 747 1552 stultorum,
775 1489 821 1542 ubi
848 1491 957 1543 taetitia.

117 1574 226 1638 (Beck.
247 1571 275 1633 Ἰ,
292 1567 330 1635 b.)
574 1585 576 1588 ·

186 1657 215 1711 4.
235 1660 425 1721 Argumentum
451 1657 535 1709 iaisae
562 1658 686 1712 tristitiae
709 1660 805 1722 babet,
833 1660 878 1724 oui
904 1670 957 1711 non

116 1744 293 1797 considerans
309 1742 530 1820 sapientissimam
547 1745 737 1798 ordinationem
749 1744 805 1806 bei,
824 1747 959 1808 torquetur

117 1844 162 1896 oro
181 1828 328 1883 amissione
345 1841 433 1883 rerum
450 1832 649 1895 temporalium
672 1832 716 1884 voi
738 1840 785 1892 nro
803 1828 956 1891 uitiatione,

116 1920 156 1971 sei
176 1918 269 1969 morte
286 1915 444 1979 amtaomm3
466 1918 510 1970 uei
527 1928 576 1981 oro
593 1916 635 1969 sui
657 1914 774 1978 corporis
792 1912 955 1973 intinnitate:

115 2005 158 2055 rel
179 2014 229 2065 oro
247 2013 297 2053 sua
315 2002 484 2055 correctione.
523 2002 636 2057 Tristitia
649 2001 711 2055 talis
728 2000 830 2053 nuliam
847 1998 958 2064 gratiam

115 2091 230 2149 contero,
253 2087 300 2139 seb
318 2091 433 2140 mentem
451 2088 573 2152 dilaniet,
588 2088 666 2152 juxta
683 2085 765 2139 iliud:
791 2086 864 2139 sicut
887 2086 958 2139 tinea

116 2176 301 2236 vestimento,
328 2177 356 2226 et
381 2174 478 2227 vermis
505 2175 596 2239 liguo,
624 2174 661 2227 ita
688 2172 796 2227 tristitia
814 2172 863 2226 uiri
881 2177 959 2227 notet

115 2262 199 2312 eorot
240 2258 334 2320 (Pron.
353 2254 397 2323 25,
421 2256 478 2325 20.)
513 2261 544 2312 itt
569 2259 649 2312 alibi:
676 2260 706 2313 iu
732 2270 850 2313 moerore
876 2260 957 2313 animi

115 2347 243 2411 dejicitur
260 2344 375 2408 abintus.
413 2343 504 2408 (Pron.
526 2342 569 2407 15,
589 2339 645 2405 13.)

392 2662 549 2733 CAPUT
570 2662 688 2731 XXV.

330 2802 390 2859 lie
426 2802 746 2873 gratitudine.

187 2944 216 2998 1.
238 2943 374 2997 Gratituoo
400 2954 463 2996 vora
491 2945 518 2993 et
542 2941 660 3004 oenaota
686 2944 743 3004 est,
772 2941 955 2995 exceltentiam

114 3034 249 3084 tonomm
267 3030 313 3081 bei
332 3029 474 3090 inanima,
495 3039 553 3079 cum
566 3027 757 3080 annihilatione
771 3028 822 3087 sui,
842 3029 868 3075 et
885 3023 957 3075 ‹tebi-

114 3122 142 3170 ta
162 3115 254 3167 cordis
272 3116 422 3167 reverentia
439 3113 615 3177 maguiiioare.
654 3114 697 3167 sto
713 3108 892 3172 magnificavit
908 3108 956 3155 ba·

168 3208 262 3249 autera
276 3207 307 3247 u.
321 3207 469 3247 ansuinum.
786 3188 803 3241 5
