<?xml version="1.0" encoding="UTF-8"?>
<!DOCTYPE html PUBLIC "-//W3C//DTD XHTML 1.0 Transitional//EN"
    "http://www.w3.org/TR/xhtml1/DTD/xhtml1-transitional.dtd">
<html xmlns="http://www.w3.org/1999/xhtml" xml:lang="en" lang="en">
 <head>
  <title>
</title>
<meta http-equiv="Content-Type" content="text/html;charset=utf-8" />
  <meta name='ocr-system' content='tesseract 3.04.00' />
  <meta name='ocr-capabilities' content='ocr_page ocr_carea ocr_par ocr_line ocrx_word'/>
</head>
<body>
  <div class='ocr_page' id='page_1' title='image "./paradisusanimae00sailgoog_0052.png"; bbox 0 0 2384 3759; ppageno 0'>
   <div class='ocr_carea' id='block_1_1' title="bbox 630 363 667 416">
    <p class='ocr_par' dir='ltr' id='par_1_1' title="bbox 630 363 667 416">
     <span class='ocr_line' id='line_1_1' title="bbox 630 363 667 416; baseline 0 0"><span class='ocrx_word' id='word_1_1' title='bbox 630 363 667 416; x_wconf 85' lang='lat' dir='ltr'><strong>ito</strong></span> 
     </span>
    </p>
   </div>
   <div class='ocr_carea' id='block_1_2' title="bbox 230 492 1109 2885">
    <p class='ocr_par' dir='ltr' id='par_1_2' title="bbox 230 492 1109 912">
     <span class='ocr_line' id='line_1_2' title="bbox 230 492 1109 567; baseline -0.003 -7"><span class='ocrx_word' id='word_1_2' title='bbox 230 504 318 560; x_wconf 85' lang='lat' dir='ltr'><strong>omnia</strong></span> <span class='ocrx_word' id='word_1_3' title='bbox 344 515 424 567; x_wconf 88' lang='lat' dir='ltr'><strong>opera</strong></span> <span class='ocrx_word' id='word_1_4' title='bbox 449 515 498 556; x_wconf 83' lang='lat' dir='ltr'><strong>sua</strong></span> <span class='ocrx_word' id='word_1_5' title='bbox 525 503 594 555; x_wconf 88' lang='lat' dir='ltr'><strong>bona</strong></span> <span class='ocrx_word' id='word_1_6' title='bbox 620 502 705 565; x_wconf 77' lang='lat' dir='ltr'><strong>tacit,</strong></span> <span class='ocrx_word' id='word_1_7' title='bbox 734 514 790 554; x_wconf 89' lang='lat' dir='ltr'><strong>non</strong></span> <span class='ocrx_word' id='word_1_8' title='bbox 819 505 926 566; x_wconf 87' lang='lat' dir='ltr'><strong>propter</strong></span> <span class='ocrx_word' id='word_1_9' title='bbox 953 503 1067 567; x_wconf 77' lang='lat' dir='ltr'><strong>aliquem</strong></span> <span class='ocrx_word' id='word_1_10' title='bbox 1108 492 1109 497; x_wconf 62' lang='grc'>’</span> 
     </span>
     <span class='ocr_line' id='line_1_3' title="bbox 230 587 1109 657; baseline -0.005 -13"><span class='ocrx_word' id='word_1_11' title='bbox 230 592 348 644; x_wconf 72' lang='lat' dir='ltr'><strong>breuem</strong></span> <span class='ocrx_word' id='word_1_12' title='bbox 375 589 417 642; x_wconf 86' lang='lat' dir='ltr'><strong>rel</strong></span> <span class='ocrx_word' id='word_1_13' title='bbox 443 589 585 642; x_wconf 70' lang='lat' dir='ltr'><strong>utilitatem</strong></span> <span class='ocrx_word' id='word_1_14' title='bbox 612 588 757 652; x_wconf 75' lang='lat' dir='ltr'><strong>praesentis</strong></span> <span class='ocrx_word' id='word_1_15' title='bbox 778 588 850 640; x_wconf 84' lang='lat' dir='ltr'><strong>vitae</strong></span> <span class='ocrx_word' id='word_1_16' title='bbox 875 587 919 639; x_wconf 84' lang='lat' dir='ltr'><strong>vel</strong></span> <span class='ocrx_word' id='word_1_17' title='bbox 947 588 1066 651; x_wconf 78' lang='lat' dir='ltr'><strong>iuturae3</strong></span> <span class='ocrx_word' id='word_1_18' title='bbox 1108 654 1109 657; x_wconf 8' lang='grc' dir='ltr'><strong>Ἴ</strong></span> 
     </span>
     <span class='ocr_line' id='line_1_4' title="bbox 231 673 1068 740; baseline -0.004 -12"><span class='ocrx_word' id='word_1_19' title='bbox 231 679 259 728; x_wconf 87' lang='lat' dir='ltr'><strong>ei</strong></span> <span class='ocrx_word' id='word_1_20' title='bbox 284 675 329 740; x_wconf 85' lang='lat' dir='ltr'><strong>qui</strong></span> <span class='ocrx_word' id='word_1_21' title='bbox 355 685 414 728; x_wconf 83' lang='lat' dir='ltr'><strong>eum</strong></span> <span class='ocrx_word' id='word_1_22' title='bbox 440 676 528 728; x_wconf 89' lang='lat' dir='ltr'><strong>debita</strong></span> <span class='ocrx_word' id='word_1_23' title='bbox 546 674 706 738; x_wconf 78' lang='lat' dir='ltr'><strong>gratitudine</strong></span> <span class='ocrx_word' id='word_1_24' title='bbox 720 673 825 736; x_wconf 74' lang='lat' dir='ltr'><strong>siogma</strong></span> <span class='ocrx_word' id='word_1_25' title='bbox 851 673 920 725; x_wconf 88' lang='lat' dir='ltr'><strong>dona</strong></span> <span class='ocrx_word' id='word_1_26' title='bbox 947 675 1068 737; x_wconf 76' lang='lat' dir='ltr'><strong>percipit,</strong></span> 
     </span>
     <span class='ocr_line' id='line_1_5' title="bbox 232 759 1072 822; baseline -0.004 -9"><span class='ocrx_word' id='word_1_27' title='bbox 232 765 260 814; x_wconf 90' lang='lat' dir='ltr'><strong>et</strong></span> <span class='ocrx_word' id='word_1_28' title='bbox 284 763 323 814; x_wconf 85' lang='lat' dir='ltr'><strong>eis</strong></span> <span class='ocrx_word' id='word_1_29' title='bbox 349 761 492 814; x_wconf 82' lang='lat' dir='ltr'><strong>seeundum</strong></span> <span class='ocrx_word' id='word_1_30' title='bbox 519 759 712 814; x_wconf 71' lang='lat' dir='ltr'><strong>ordinationem</strong></span> <span class='ocrx_word' id='word_1_31' title='bbox 733 759 779 812; x_wconf 83' lang='lat' dir='ltr'><strong>bei</strong></span> <span class='ocrx_word' id='word_1_32' title='bbox 803 759 900 814; x_wconf 78' lang='lat' dir='ltr'><strong>fruitur</strong></span> <span class='ocrx_word' id='word_1_33' title='bbox 916 770 1025 822; x_wconf 87' lang='lat' dir='ltr'><strong>semper</strong></span> <span class='ocrx_word' id='word_1_34' title='bbox 1045 763 1072 810; x_wconf 89' lang='lat' dir='ltr'><strong>et</strong></span> 
     </span>
     <span class='ocr_line' id='line_1_6' title="bbox 231 846 339 912; baseline 0 -12"><span class='ocrx_word' id='word_1_35' title='bbox 231 846 339 912; x_wconf 76' lang='lat' dir='ltr'><strong>ubique.</strong></span> 
     </span>
    </p>

    <p class='ocr_par' dir='ltr' id='par_1_3' title="bbox 232 929 1109 2885">
     <span class='ocr_line' id='line_1_7' title="bbox 302 929 1069 995; baseline -0.003 -11"><span class='ocrx_word' id='word_1_36' title='bbox 302 929 328 984; x_wconf 88' lang='lat'><strong>3.</strong></span> <span class='ocrx_word' id='word_1_37' title='bbox 349 933 414 985; x_wconf 85' lang='lat' dir='ltr'><strong>vera</strong></span> <span class='ocrx_word' id='word_1_38' title='bbox 426 931 529 995; x_wconf 78' lang='lat' dir='ltr'><strong>justitia</strong></span> <span class='ocrx_word' id='word_1_39' title='bbox 546 931 579 983; x_wconf 91' lang='lat' dir='ltr'><strong>ad</strong></span> <span class='ocrx_word' id='word_1_40' title='bbox 597 931 745 994; x_wconf 82' lang='lat' dir='ltr'><strong>proximum</strong></span> <span class='ocrx_word' id='word_1_41' title='bbox 763 935 804 982; x_wconf 81' lang='lat' dir='ltr'><strong>est</strong></span> <span class='ocrx_word' id='word_1_42' title='bbox 820 931 848 984; x_wconf 92' lang='lat' dir='ltr'><strong>in</strong></span> <span class='ocrx_word' id='word_1_43' title='bbox 860 930 969 984; x_wconf 85' lang='lat' dir='ltr'><strong>duobus.</strong></span> <span class='ocrx_word' id='word_1_44' title='bbox 1000 932 1069 984; x_wconf 84' lang='lat' dir='ltr'><strong>ilun-</strong></span> 
     </span>
     <span class='ocr_line' id='line_1_8' title="bbox 232 1015 1070 1084; baseline -0.006 -11"><span class='ocrx_word' id='word_1_45' title='bbox 232 1019 566 1084; x_wconf 69' lang='lat' dir='ltr'><strong>abominamentorum,</strong></span> <span class='ocrx_word' id='word_1_46' title='bbox 592 1017 661 1081; x_wconf 84' lang='lat' dir='ltr'><strong>quod</strong></span> <span class='ocrx_word' id='word_1_47' title='bbox 681 1017 732 1068; x_wconf 90' lang='lat' dir='ltr'><strong>sibi</strong></span> <span class='ocrx_word' id='word_1_48' title='bbox 757 1015 827 1078; x_wconf 79' lang='lat' dir='ltr'><strong>juste</strong></span> <span class='ocrx_word' id='word_1_49' title='bbox 845 1028 898 1068; x_wconf 93' lang='lat' dir='ltr'><strong>non</strong></span> <span class='ocrx_word' id='word_1_50' title='bbox 920 1018 980 1070; x_wconf 81' lang='lat' dir='ltr'><strong>ruit</strong></span> <span class='ocrx_word' id='word_1_51' title='bbox 997 1015 1070 1069; x_wconf 83' lang='lat' dir='ltr'><strong>deri:</strong></span> 
     </span>
     <span class='ocr_line' id='line_1_9' title="bbox 233 1102 1109 1167; baseline -0.005 -11"><span class='ocrx_word' id='word_1_52' title='bbox 233 1106 284 1156; x_wconf 84' lang='lat' dir='ltr'><strong>beo</strong></span> <span class='ocrx_word' id='word_1_53' title='bbox 311 1109 364 1156; x_wconf 86' lang='lat' dir='ltr'><strong>est:</strong></span> <span class='ocrx_word' id='word_1_54' title='bbox 394 1115 526 1167; x_wconf 79' lang='lat' dir='ltr'><strong>nunquam</strong></span> <span class='ocrx_word' id='word_1_55' title='bbox 555 1103 661 1155; x_wconf 86' lang='lat' dir='ltr'><strong>laedere</strong></span> <span class='ocrx_word' id='word_1_56' title='bbox 688 1104 731 1156; x_wconf 90' lang='lat' dir='ltr'><strong>vel</strong></span> <span class='ocrx_word' id='word_1_57' title='bbox 759 1102 891 1155; x_wconf 72' lang='lat' dir='ltr'><strong>offendere</strong></span> <span class='ocrx_word' id='word_1_58' title='bbox 917 1103 1069 1164; x_wconf 81' lang='lat' dir='ltr'><strong>proximum</strong></span> <span class='ocrx_word' id='word_1_59' title='bbox 1108 1140 1109 1143; x_wconf 62' lang='lat'>,</span> 
     </span>
     <span class='ocr_line' id='line_1_10' title="bbox 234 1181 1068 1252; baseline -0.004 -12"><span class='ocrx_word' id='word_1_60' title='bbox 234 1189 324 1249; x_wconf 81' lang='lat' dir='ltr'><strong>verbo,</strong></span> <span class='ocrx_word' id='word_1_61' title='bbox 344 1190 387 1240; x_wconf 86' lang='lat' dir='ltr'><strong>vet</strong></span> <span class='ocrx_word' id='word_1_62' title='bbox 406 1181 484 1249; x_wconf 67' lang='lat' dir='ltr'><strong>laeto}</strong></span> <span class='ocrx_word' id='word_1_63' title='bbox 504 1189 547 1240; x_wconf 88' lang='lat' dir='ltr'><strong>vel</strong></span> <span class='ocrx_word' id='word_1_64' title='bbox 564 1190 653 1252; x_wconf 81' lang='lat' dir='ltr'><strong>signo,</strong></span> <span class='ocrx_word' id='word_1_65' title='bbox 679 1189 724 1240; x_wconf 84' lang='lat' dir='ltr'><strong>rel</strong></span> <span class='ocrx_word' id='word_1_66' title='bbox 742 1189 864 1249; x_wconf 81' lang='lat' dir='ltr'><strong>oonsilio,</strong></span> <span class='ocrx_word' id='word_1_67' title='bbox 884 1187 912 1238; x_wconf 90' lang='lat' dir='ltr'><strong>in</strong></span> <span class='ocrx_word' id='word_1_68' title='bbox 929 1187 1020 1248; x_wconf 86' lang='lat' dir='ltr'><strong>rebus,</strong></span> <span class='ocrx_word' id='word_1_69' title='bbox 1041 1185 1068 1236; x_wconf 89' lang='lat' dir='ltr'><strong>in</strong></span> 
     </span>
     <span class='ocr_line' id='line_1_11' title="bbox 233 1273 1070 1338; baseline -0.004 -12"><span class='ocrx_word' id='word_1_70' title='bbox 233 1285 343 1334; x_wconf 79' lang='lat' dir='ltr'><strong>corpore</strong></span> <span class='ocrx_word' id='word_1_71' title='bbox 361 1275 516 1324; x_wconf 82' lang='lat' dir='ltr'><strong>ethonore:</strong></span> <span class='ocrx_word' id='word_1_72' title='bbox 535 1285 668 1337; x_wconf 79' lang='lat' dir='ltr'><strong>nunquam</strong></span> <span class='ocrx_word' id='word_1_73' title='bbox 686 1274 720 1326; x_wconf 90' lang='lat' dir='ltr'><strong>de</strong></span> <span class='ocrx_word' id='word_1_74' title='bbox 738 1275 795 1338; x_wconf 87' lang='lat' dir='ltr'><strong>ipso</strong></span> <span class='ocrx_word' id='word_1_75' title='bbox 806 1275 906 1326; x_wconf 90' lang='lat' dir='ltr'><strong>malum</strong></span> <span class='ocrx_word' id='word_1_76' title='bbox 923 1273 1070 1334; x_wconf 83' lang='lat' dir='ltr'><strong>suspicari:</strong></span> 
     </span>
     <span class='ocr_line' id='line_1_12' title="bbox 232 1357 1072 1424; baseline -0.004 -11"><span class='ocrx_word' id='word_1_77' title='bbox 232 1369 367 1422; x_wconf 74' lang='lat' dir='ltr'><strong>nunquam</strong></span> <span class='ocrx_word' id='word_1_78' title='bbox 390 1357 440 1422; x_wconf 90' lang='lat' dir='ltr'><strong>ipsi</strong></span> <span class='ocrx_word' id='word_1_79' title='bbox 453 1360 604 1411; x_wconf 84' lang='lat' dir='ltr'><strong>detrahere:</strong></span> <span class='ocrx_word' id='word_1_80' title='bbox 615 1371 749 1424; x_wconf 75' lang='lat' dir='ltr'><strong>nunquam</strong></span> <span class='ocrx_word' id='word_1_81' title='bbox 762 1361 857 1413; x_wconf 91' lang='lat' dir='ltr'><strong>bonum</strong></span> <span class='ocrx_word' id='word_1_82' title='bbox 866 1360 948 1424; x_wconf 85' lang='lat' dir='ltr'><strong>ipsius</strong></span> <span class='ocrx_word' id='word_1_83' title='bbox 960 1371 1072 1421; x_wconf 82' lang='lat' dir='ltr'><strong>perver-</strong></span> 
     </span>
     <span class='ocr_line' id='line_1_13' title="bbox 234 1443 1109 1509; baseline 0 -13"><span class='ocrx_word' id='word_1_84' title='bbox 234 1448 291 1496; x_wconf 83' lang='lat' dir='ltr'><strong>tere</strong></span> <span class='ocrx_word' id='word_1_85' title='bbox 310 1445 352 1496; x_wconf 87' lang='lat' dir='ltr'><strong>vel</strong></span> <span class='ocrx_word' id='word_1_86' title='bbox 370 1443 527 1496; x_wconf 83' lang='lat' dir='ltr'><strong>diminuere:</strong></span> <span class='ocrx_word' id='word_1_87' title='bbox 555 1456 689 1509; x_wconf 82' lang='lat' dir='ltr'><strong>nunquam</strong></span> <span class='ocrx_word' id='word_1_88' title='bbox 706 1457 768 1498; x_wconf 89' lang='lat' dir='ltr'><strong>eum</strong></span> <span class='ocrx_word' id='word_1_89' title='bbox 791 1447 819 1498; x_wconf 92' lang='lat' dir='ltr'><strong>in</strong></span> <span class='ocrx_word' id='word_1_90' title='bbox 843 1445 910 1498; x_wconf 88' lang='lat' dir='ltr'><strong>bono</strong></span> <span class='ocrx_word' id='word_1_91' title='bbox 928 1444 1071 1506; x_wconf 86' lang='lat' dir='ltr'><strong>impedire.</strong></span> <span class='ocrx_word' id='word_1_92' title='bbox 1108 1450 1109 1455; x_wconf 75' lang='grc'>’</span> 
     </span>
     <span class='ocr_line' id='line_1_14' title="bbox 234 1530 1073 1594; baseline -0.001 -12"><span class='ocrx_word' id='word_1_93' title='bbox 234 1531 304 1582; x_wconf 87' lang='lat' dir='ltr'><strong>liaeo</strong></span> <span class='ocrx_word' id='word_1_94' title='bbox 317 1530 388 1583; x_wconf 89' lang='lat' dir='ltr'><strong>enirn</strong></span> <span class='ocrx_word' id='word_1_95' title='bbox 401 1542 477 1582; x_wconf 87' lang='lat' dir='ltr'><strong>nemo</strong></span> <span class='ocrx_word' id='word_1_96' title='bbox 489 1532 633 1584; x_wconf 86' lang='lat' dir='ltr'><strong>secundum</strong></span> <span class='ocrx_word' id='word_1_97' title='bbox 643 1531 771 1594; x_wconf 86' lang='lat' dir='ltr'><strong>justitiam</strong></span> <span class='ocrx_word' id='word_1_98' title='bbox 783 1531 834 1584; x_wconf 86' lang='lat' dir='ltr'><strong>sibi</strong></span> <span class='ocrx_word' id='word_1_99' title='bbox 845 1533 904 1583; x_wconf 82' lang='lat' dir='ltr'><strong>vult</strong></span> <span class='ocrx_word' id='word_1_100' title='bbox 915 1530 979 1582; x_wconf 89' lang='lat' dir='ltr'><strong>lieri.</strong></span> <span class='ocrx_word' id='word_1_101' title='bbox 1002 1532 1073 1582; x_wconf 89' lang='lat' dir='ltr'><strong>ltem</strong></span> 
     </span>
     <span class='ocr_line' id='line_1_15' title="bbox 234 1606 1109 1682; baseline 0.001 -16"><span class='ocrx_word' id='word_1_102' title='bbox 234 1617 355 1680; x_wconf 82' lang='lat' dir='ltr'><strong>proximo</strong></span> <span class='ocrx_word' id='word_1_103' title='bbox 364 1629 412 1669; x_wconf 88' lang='lat' dir='ltr'><strong>suo</strong></span> <span class='ocrx_word' id='word_1_104' title='bbox 432 1617 527 1680; x_wconf 80' lang='lat' dir='ltr'><strong>iacere,</strong></span> <span class='ocrx_word' id='word_1_105' title='bbox 547 1618 616 1682; x_wconf 83' lang='lat' dir='ltr'><strong>qrrod</strong></span> <span class='ocrx_word' id='word_1_106' title='bbox 628 1616 757 1680; x_wconf 75' lang='lat' dir='ltr'><strong>sibijuste</strong></span> <span class='ocrx_word' id='word_1_107' title='bbox 766 1617 849 1669; x_wconf 85' lang='lat' dir='ltr'><strong>vellet</strong></span> <span class='ocrx_word' id='word_1_108' title='bbox 864 1615 929 1677; x_wconf 86' lang='lat' dir='ltr'><strong>lieri,</strong></span> <span class='ocrx_word' id='word_1_109' title='bbox 948 1617 999 1667; x_wconf 84' lang='lat' dir='ltr'><strong>boc</strong></span> <span class='ocrx_word' id='word_1_110' title='bbox 1011 1619 1072 1668; x_wconf 87' lang='lat' dir='ltr'><strong>est:</strong></span> <span class='ocrx_word' id='word_1_111' title='bbox 1108 1606 1109 1609; x_wconf 66' lang='grc'>’</span> 
     </span>
     <span class='ocr_line' id='line_1_16' title="bbox 234 1701 1073 1768; baseline -0.004 -12"><span class='ocrx_word' id='word_1_112' title='bbox 234 1703 381 1768; x_wconf 86' lang='lat' dir='ltr'><strong>proximum</strong></span> <span class='ocrx_word' id='word_1_113' title='bbox 396 1707 536 1757; x_wconf 87' lang='lat' dir='ltr'><strong>bonorare:</strong></span> <span class='ocrx_word' id='word_1_114' title='bbox 551 1707 648 1757; x_wconf 91' lang='lat' dir='ltr'><strong>bonum</strong></span> <span class='ocrx_word' id='word_1_115' title='bbox 658 1704 691 1755; x_wconf 90' lang='lat' dir='ltr'><strong>de</strong></span> <span class='ocrx_word' id='word_1_116' title='bbox 700 1702 757 1764; x_wconf 89' lang='lat' dir='ltr'><strong>ipso</strong></span> <span class='ocrx_word' id='word_1_117' title='bbox 768 1702 879 1754; x_wconf 90' lang='lat' dir='ltr'><strong>sentire:</strong></span> <span class='ocrx_word' id='word_1_118' title='bbox 898 1701 985 1753; x_wconf 87' lang='lat' dir='ltr'><strong>omnia</strong></span> <span class='ocrx_word' id='word_1_119' title='bbox 999 1701 1073 1753; x_wconf 81' lang='lat' dir='ltr'><strong>taeta</strong></span> 
     </span>
     <span class='ocr_line' id='line_1_17' title="bbox 235 1787 1074 1853; baseline -0.005 -11"><span class='ocrx_word' id='word_1_120' title='bbox 235 1789 327 1853; x_wconf 88' lang='lat' dir='ltr'><strong>lilios,</strong></span> <span class='ocrx_word' id='word_1_121' title='bbox 355 1790 435 1842; x_wconf 88' lang='lat' dir='ltr'><strong>etiam</strong></span> <span class='ocrx_word' id='word_1_122' title='bbox 457 1791 543 1852; x_wconf 86' lang='lat' dir='ltr'><strong>mala,</strong></span> <span class='ocrx_word' id='word_1_123' title='bbox 572 1791 599 1842; x_wconf 91' lang='lat' dir='ltr'><strong>in</strong></span> <span class='ocrx_word' id='word_1_124' title='bbox 617 1789 712 1842; x_wconf 87' lang='lat' dir='ltr'><strong>bonum</strong></span> <span class='ocrx_word' id='word_1_125' title='bbox 731 1792 900 1841; x_wconf 80' lang='lat' dir='ltr'><strong>eonvertere:</strong></span> <span class='ocrx_word' id='word_1_126' title='bbox 921 1798 1025 1850; x_wconf 87' lang='lat' dir='ltr'><strong>semper</strong></span> <span class='ocrx_word' id='word_1_127' title='bbox 1044 1787 1074 1838; x_wconf 91' lang='lat' dir='ltr'><strong>in</strong></span> 
     </span>
     <span class='ocr_line' id='line_1_18' title="bbox 235 1873 1075 1940; baseline -0.005 -12"><span class='ocrx_word' id='word_1_128' title='bbox 235 1876 303 1928; x_wconf 88' lang='lat' dir='ltr'><strong>bono</strong></span> <span class='ocrx_word' id='word_1_129' title='bbox 322 1875 378 1940; x_wconf 80' lang='lat' dir='ltr'><strong>elus</strong></span> <span class='ocrx_word' id='word_1_130' title='bbox 396 1876 569 1939; x_wconf 72' lang='lat' dir='ltr'><strong>congaudere,</strong></span> <span class='ocrx_word' id='word_1_131' title='bbox 589 1880 616 1927; x_wconf 89' lang='lat' dir='ltr'><strong>et</strong></span> <span class='ocrx_word' id='word_1_132' title='bbox 634 1877 661 1928; x_wconf 94' lang='lat' dir='ltr'><strong>in</strong></span> <span class='ocrx_word' id='word_1_133' title='bbox 679 1876 748 1927; x_wconf 85' lang='lat' dir='ltr'><strong>melo</strong></span> <span class='ocrx_word' id='word_1_134' title='bbox 766 1874 918 1927; x_wconf 80' lang='lat' dir='ltr'><strong>condolere:</strong></span> <span class='ocrx_word' id='word_1_135' title='bbox 944 1873 1075 1925; x_wconf 82' lang='lat' dir='ltr'><strong>innoeen-</strong></span> 
     </span>
     <span class='ocr_line' id='line_1_19' title="bbox 235 1959 1076 2028; baseline -0.004 -14"><span class='ocrx_word' id='word_1_136' title='bbox 235 1961 297 2014; x_wconf 88' lang='lat' dir='ltr'><strong>tiam</strong></span> <span class='ocrx_word' id='word_1_137' title='bbox 316 1962 397 2028; x_wconf 86' lang='lat' dir='ltr'><strong>ipsius</strong></span> <span class='ocrx_word' id='word_1_138' title='bbox 415 1973 519 2025; x_wconf 85' lang='lat' dir='ltr'><strong>semper</strong></span> <span class='ocrx_word' id='word_1_139' title='bbox 537 1972 678 2024; x_wconf 80' lang='lat' dir='ltr'><strong>excusare,</strong></span> <span class='ocrx_word' id='word_1_140' title='bbox 702 1964 729 2012; x_wconf 90' lang='lat' dir='ltr'><strong>et</strong></span> <span class='ocrx_word' id='word_1_141' title='bbox 751 1959 836 2024; x_wconf 92' lang='lat' dir='ltr'><strong>ipsum</strong></span> <span class='ocrx_word' id='word_1_142' title='bbox 854 1960 989 2011; x_wconf 87' lang='lat' dir='ltr'><strong>absentem</strong></span> <span class='ocrx_word' id='word_1_143' title='bbox 1009 1971 1076 2023; x_wconf 91' lang='lat' dir='ltr'><strong>pro·</strong></span> 
     </span>
     <span class='ocr_line' id='line_1_20' title="bbox 235 2035 1075 2112; baseline -0.006 -12"><span class='ocrx_word' id='word_1_144' title='bbox 235 2059 362 2112; x_wconf 74' lang='lat' dir='ltr'><strong>pugnare.</strong></span> <span class='ocrx_word' id='word_1_145' title='bbox 401 2049 469 2100; x_wconf 86' lang='lat' dir='ltr'><strong>liaeo</strong></span> <span class='ocrx_word' id='word_1_146' title='bbox 488 2047 557 2098; x_wconf 91' lang='lat' dir='ltr'><strong>enim</strong></span> <span class='ocrx_word' id='word_1_147' title='bbox 575 2045 718 2098; x_wconf 85' lang='lat' dir='ltr'><strong>seeundum</strong></span> <span class='ocrx_word' id='word_1_148' title='bbox 738 2045 867 2110; x_wconf 83' lang='lat' dir='ltr'><strong>justitium</strong></span> <span class='ocrx_word' id='word_1_149' title='bbox 892 2035 1002 2110; x_wconf 82' lang='lat' dir='ltr'><strong>quisque</strong></span> <span class='ocrx_word' id='word_1_150' title='bbox 1020 2045 1075 2096; x_wconf 91' lang='lat' dir='ltr'><strong>sibi</strong></span> 
     </span>
     <span class='ocr_line' id='line_1_21' title="bbox 235 2129 1075 2196; baseline 0.001 -13"><span class='ocrx_word' id='word_1_151' title='bbox 235 2133 293 2184; x_wconf 84' lang='lat' dir='ltr'><strong>rnlt</strong></span> <span class='ocrx_word' id='word_1_152' title='bbox 311 2131 376 2184; x_wconf 90' lang='lat' dir='ltr'><strong>iteri.</strong></span> <span class='ocrx_word' id='word_1_153' title='bbox 412 2133 443 2185; x_wconf 84' lang='lat' dir='ltr'><strong>lit</strong></span> <span class='ocrx_word' id='word_1_154' title='bbox 461 2132 572 2184; x_wconf 88' lang='lat' dir='ltr'><strong>dicitur:</strong></span> <span class='ocrx_word' id='word_1_155' title='bbox 591 2131 733 2184; x_wconf 82' lang='lat' dir='ltr'><strong>seeundum</strong></span> <span class='ocrx_word' id='word_1_156' title='bbox 748 2131 891 2195; x_wconf 79' lang='lat' dir='ltr'><strong>iustitiam,</strong></span> <span class='ocrx_word' id='word_1_157' title='bbox 911 2129 970 2196; x_wconf 80' lang='lat' dir='ltr'><strong>quia</strong></span> <span class='ocrx_word' id='word_1_158' title='bbox 987 2130 1075 2193; x_wconf 80' lang='lat' dir='ltr'><strong>ludex</strong></span> 
     </span>
     <span class='ocr_line' id='line_1_22' title="bbox 235 2217 1075 2282; baseline 0.001 -14"><span class='ocrx_word' id='word_1_159' title='bbox 235 2227 283 2278; x_wconf 92' lang='lat' dir='ltr'><strong>pro</strong></span> <span class='ocrx_word' id='word_1_160' title='bbox 303 2217 360 2269; x_wconf 86' lang='lat' dir='ltr'><strong>iure</strong></span> <span class='ocrx_word' id='word_1_161' title='bbox 379 2217 462 2270; x_wconf 86' lang='lat' dir='ltr'><strong>nollet</strong></span> <span class='ocrx_word' id='word_1_162' title='bbox 479 2219 620 2282; x_wconf 89' lang='lat' dir='ltr'><strong>suspendi,</strong></span> <span class='ocrx_word' id='word_1_163' title='bbox 651 2223 678 2270; x_wconf 85' lang='lat' dir='ltr'><strong>et</strong></span> <span class='ocrx_word' id='word_1_164' title='bbox 704 2222 792 2270; x_wconf 90' lang='lat' dir='ltr'><strong>tamen</strong></span> <span class='ocrx_word' id='word_1_165' title='bbox 815 2218 899 2270; x_wconf 85' lang='lat' dir='ltr'><strong>iurem</strong></span> <span class='ocrx_word' id='word_1_166' title='bbox 917 2217 997 2270; x_wconf 89' lang='lat' dir='ltr'><strong>debet</strong></span> <span class='ocrx_word' id='word_1_167' title='bbox 1014 2229 1075 2269; x_wconf 90' lang='lat' dir='ltr'><strong>sus·</strong></span> 
     </span>
     <span class='ocr_line' id='line_1_23' title="bbox 235 2301 1077 2366; baseline 0.007 -14"><span class='ocrx_word' id='word_1_168' title='bbox 235 2301 360 2366; x_wconf 86' lang='lat' dir='ltr'><strong>pendere,</strong></span> <span class='ocrx_word' id='word_1_169' title='bbox 375 2301 438 2365; x_wconf 84' lang='lat' dir='ltr'><strong>quia</strong></span> <span class='ocrx_word' id='word_1_170' title='bbox 456 2303 522 2354; x_wconf 89' lang='lat' dir='ltr'><strong>iilud</strong></span> <span class='ocrx_word' id='word_1_171' title='bbox 541 2304 613 2356; x_wconf 88' lang='lat' dir='ltr'><strong>nolle</strong></span> <span class='ocrx_word' id='word_1_172' title='bbox 636 2308 677 2355; x_wconf 88' lang='lat' dir='ltr'><strong>eat</strong></span> <span class='ocrx_word' id='word_1_173' title='bbox 697 2303 841 2356; x_wconf 85' lang='lat' dir='ltr'><strong>seeundum</strong></span> <span class='ocrx_word' id='word_1_174' title='bbox 862 2303 1002 2366; x_wconf 75' lang='lat' dir='ltr'><strong>iustitiam.</strong></span> <span class='ocrx_word' id='word_1_175' title='bbox 1042 2305 1077 2358; x_wconf 78' lang='lat' dir='ltr'><strong>lit</strong></span> 
     </span>
     <span class='ocr_line' id='line_1_24' title="bbox 235 2386 1074 2453; baseline 0.005 -15"><span class='ocrx_word' id='word_1_176' title='bbox 235 2386 334 2450; x_wconf 86' lang='lat' dir='ltr'><strong>praedo</strong></span> <span class='ocrx_word' id='word_1_177' title='bbox 352 2387 465 2440; x_wconf 85' lang='lat' dir='ltr'><strong>libenter</strong></span> <span class='ocrx_word' id='word_1_178' title='bbox 483 2389 564 2442; x_wconf 84' lang='lat' dir='ltr'><strong>vellet</strong></span> <span class='ocrx_word' id='word_1_179' title='bbox 581 2389 699 2452; x_wconf 86' lang='lat' dir='ltr'><strong>spoliari,</strong></span> <span class='ocrx_word' id='word_1_180' title='bbox 717 2395 749 2441; x_wconf 93' lang='lat' dir='ltr'><strong>ut</strong></span> <span class='ocrx_word' id='word_1_181' title='bbox 765 2389 814 2440; x_wconf 94' lang='lat' dir='ltr'><strong>sibi</strong></span> <span class='ocrx_word' id='word_1_182' title='bbox 834 2389 926 2442; x_wconf 77' lang='lat' dir='ltr'><strong>liceret</strong></span> <span class='ocrx_word' id='word_1_183' title='bbox 942 2389 1074 2453; x_wconf 88' lang='lat' dir='ltr'><strong>spoliare,</strong></span> 
     </span>
     <span class='ocr_line' id='line_1_25' title="bbox 234 2472 1076 2538; baseline 0.008 -15"><span class='ocrx_word' id='word_1_184' title='bbox 234 2472 304 2538; x_wconf 72' lang='lat' dir='ltr'><strong>quod</strong></span> <span class='ocrx_word' id='word_1_185' title='bbox 323 2477 410 2524; x_wconf 84' lang='lat' dir='ltr'><strong>tamen</strong></span> <span class='ocrx_word' id='word_1_186' title='bbox 428 2473 515 2527; x_wconf 84' lang='lat' dir='ltr'><strong>tacere</strong></span> <span class='ocrx_word' id='word_1_187' title='bbox 534 2487 585 2528; x_wconf 91' lang='lat' dir='ltr'><strong>non</strong></span> <span class='ocrx_word' id='word_1_188' title='bbox 604 2476 690 2536; x_wconf 80' lang='lat' dir='ltr'><strong>debet,</strong></span> <span class='ocrx_word' id='word_1_189' title='bbox 708 2475 853 2538; x_wconf 80' lang='lat' dir='ltr'><strong>quiaillud</strong></span> <span class='ocrx_word' id='word_1_190' title='bbox 871 2475 1014 2528; x_wconf 76' lang='lat' dir='ltr'><strong>telleneu</strong></span> <span class='ocrx_word' id='word_1_191' title='bbox 1032 2481 1076 2530; x_wconf 88' lang='lat' dir='ltr'><strong>est</strong></span> 
     </span>
     <span class='ocr_line' id='line_1_26' title="bbox 235 2559 1077 2624; baseline 0.005 -12"><span class='ocrx_word' id='word_1_192' title='bbox 235 2559 379 2612; x_wconf 81' lang='lat' dir='ltr'><strong>seeundum</strong></span> <span class='ocrx_word' id='word_1_193' title='bbox 395 2559 530 2622; x_wconf 81' lang='lat' dir='ltr'><strong>iustitiam.</strong></span> <span class='ocrx_word' id='word_1_194' title='bbox 567 2563 633 2616; x_wconf 84' lang='lat' dir='ltr'><strong>Item</strong></span> <span class='ocrx_word' id='word_1_195' title='bbox 650 2561 777 2624; x_wconf 82' lang='lat' dir='ltr'><strong>justitiam</strong></span> <span class='ocrx_word' id='word_1_196' title='bbox 794 2573 883 2614; x_wconf 80' lang='lat' dir='ltr'><strong>veram</strong></span> <span class='ocrx_word' id='word_1_197' title='bbox 901 2560 935 2613; x_wconf 87' lang='lat' dir='ltr'><strong>ad</strong></span> <span class='ocrx_word' id='word_1_198' title='bbox 954 2566 1077 2616; x_wconf 86' lang='lat' dir='ltr'><strong>mortuos</strong></span> 
     </span>
     <span class='ocr_line' id='line_1_27' title="bbox 235 2646 1075 2710; baseline 0.006 -13"><span class='ocrx_word' id='word_1_199' title='bbox 235 2647 333 2708; x_wconf 75' lang='lat' dir='ltr'><strong>servat,</strong></span> <span class='ocrx_word' id='word_1_200' title='bbox 354 2646 398 2709; x_wconf 82' lang='lat' dir='ltr'><strong>qui</strong></span> <span class='ocrx_word' id='word_1_201' title='bbox 415 2647 570 2699; x_wconf 83' lang='lat' dir='ltr'><strong>testamenta</strong></span> <span class='ocrx_word' id='word_1_202' title='bbox 588 2648 731 2700; x_wconf 86' lang='lat' dir='ltr'><strong>seeundum</strong></span> <span class='ocrx_word' id='word_1_203' title='bbox 744 2647 936 2699; x_wconf 75' lang='lat' dir='ltr'><strong>ordinationem</strong></span> <span class='ocrx_word' id='word_1_204' title='bbox 954 2648 1075 2710; x_wconf 88' lang='lat' dir='ltr'><strong>ipsomm</strong></span> 
     </span>
     <span class='ocr_line' id='line_1_28' title="bbox 236 2730 1076 2797; baseline 0.005 -13"><span class='ocrx_word' id='word_1_205' title='bbox 236 2730 363 2797; x_wconf 79' lang='lat' dir='ltr'><strong>expedire</strong></span> <span class='ocrx_word' id='word_1_206' title='bbox 381 2743 434 2784; x_wconf 91' lang='lat' dir='ltr'><strong>non</strong></span> <span class='ocrx_word' id='word_1_207' title='bbox 453 2732 548 2796; x_wconf 84' lang='lat' dir='ltr'><strong>tardat,</strong></span> <span class='ocrx_word' id='word_1_208' title='bbox 568 2733 742 2797; x_wconf 75' lang='lat' dir='ltr'><strong>anticipatis,</strong></span> <span class='ocrx_word' id='word_1_209' title='bbox 762 2733 936 2797; x_wconf 89' lang='lat' dir='ltr'><strong>orationibus,</strong></span> <span class='ocrx_word' id='word_1_210' title='bbox 956 2737 1076 2788; x_wconf 87' lang='lat' dir='ltr'><strong>eleemo-</strong></span> 
     </span>
     <span class='ocr_line' id='line_1_29' title="bbox 235 2818 1073 2885; baseline 0.004 -13"><span class='ocrx_word' id='word_1_211' title='bbox 235 2821 307 2882; x_wconf 75' lang='lat' dir='ltr'><strong>synis</strong></span> <span class='ocrx_word' id='word_1_212' title='bbox 329 2818 473 2872; x_wconf 72' lang='lat' dir='ltr'><strong>secumdum</strong></span> <span class='ocrx_word' id='word_1_213' title='bbox 500 2829 589 2872; x_wconf 88' lang='lat' dir='ltr'><strong>eorum</strong></span> <span class='ocrx_word' id='word_1_214' title='bbox 616 2819 798 2874; x_wconf 77' lang='lat' dir='ltr'><strong>confidentiam</strong></span> <span class='ocrx_word' id='word_1_215' title='bbox 824 2831 924 2885; x_wconf 83' lang='lat' dir='ltr'><strong>poenas</strong></span> <span class='ocrx_word' id='word_1_216' title='bbox 952 2821 1073 2884; x_wconf 85' lang='lat' dir='ltr'><strong>ipsorum</strong></span> 
     </span>
    </p>
   </div>
   <div class='ocr_carea' id='block_1_3' title="bbox 140 2905 1072 2974">
    <p class='ocr_par' dir='ltr' id='par_1_4' title="bbox 140 2905 1072 2974">
     <span class='ocr_line' id='line_1_30' title="bbox 140 2905 1072 2974; baseline 0.002 -16"><span class='ocrx_word' id='word_1_217' title='bbox 140 2963 145 2974; x_wconf 61' lang='grc'><strong>,</strong></span> <span class='ocrx_word' id='word_1_218' title='bbox 235 2917 283 2971; x_wconf 86' lang='lat' dir='ltr'><strong>pro</strong></span> <span class='ocrx_word' id='word_1_219' title='bbox 313 2917 389 2970; x_wconf 85' lang='lat' dir='ltr'><strong>posse</strong></span> <span class='ocrx_word' id='word_1_220' title='bbox 415 2917 463 2958; x_wconf 90' lang='lat' dir='ltr'><strong>suo</strong></span> <span class='ocrx_word' id='word_1_221' title='bbox 481 2905 590 2958; x_wconf 84' lang='lat' dir='ltr'><strong>alleviat</strong></span> <span class='ocrx_word' id='word_1_222' title='bbox 616 2912 643 2960; x_wconf 88' lang='lat' dir='ltr'><strong>et</strong></span> <span class='ocrx_word' id='word_1_223' title='bbox 668 2908 813 2960; x_wconf 73' lang='lat' dir='ltr'><strong>abbreviat·</strong></span> <span class='ocrx_word' id='word_1_224' title='bbox 850 2909 878 2961; x_wconf 91' lang='lat' dir='ltr'><strong>u.</strong></span> <span class='ocrx_word' id='word_1_225' title='bbox 905 2906 1072 2961; x_wconf 85' lang='lat' dir='ltr'><strong>Bernartius:</strong></span> 
     </span>
    </p>
   </div>
   <div class='ocr_carea' id='block_1_4' title="bbox 236 2991 1074 3228">
    <p class='ocr_par' dir='ltr' id='par_1_5' title="bbox 236 2991 1074 3228">
     <span class='ocr_line' id='line_1_31' title="bbox 236 2991 1072 3057; baseline 0 -11"><span class='ocrx_word' id='word_1_226' title='bbox 236 2991 479 3052; x_wconf 65' lang='lat' dir='ltr'><strong>mamiliorum,</strong></span> <span class='ocrx_word' id='word_1_227' title='bbox 508 2993 552 3054; x_wconf 78' lang='lat' dir='ltr'><strong>qui</strong></span> <span class='ocrx_word' id='word_1_228' title='bbox 578 2993 684 3044; x_wconf 88' lang='lat' dir='ltr'><strong>suntin</strong></span> <span class='ocrx_word' id='word_1_229' title='bbox 703 2994 866 3057; x_wconf 79' lang='lat' dir='ltr'><strong>purgatorio,</strong></span> <span class='ocrx_word' id='word_1_230' title='bbox 893 3002 941 3056; x_wconf 86' lang='lat' dir='ltr'><strong>per</strong></span> <span class='ocrx_word' id='word_1_231' title='bbox 957 2994 1072 3057; x_wconf 83' lang='lat' dir='ltr'><strong>jejunia,</strong></span> 
     </span>
     <span class='ocr_line' id='line_1_32' title="bbox 236 3076 1074 3140; baseline 0.001 -8"><span class='ocrx_word' id='word_1_232' title='bbox 236 3079 369 3132; x_wconf 84' lang='lat' dir='ltr'><strong>orationes</strong></span> <span class='ocrx_word' id='word_1_233' title='bbox 388 3083 416 3130; x_wconf 88' lang='lat' dir='ltr'><strong>et</strong></span> <span class='ocrx_word' id='word_1_234' title='bbox 432 3078 612 3138; x_wconf 85' lang='lat' dir='ltr'><strong>eleemosynas</strong></span> <span class='ocrx_word' id='word_1_235' title='bbox 630 3076 823 3131; x_wconf 82' lang='lat' dir='ltr'><strong>abbreviantur.</strong></span> <span class='ocrx_word' id='word_1_236' title='bbox 860 3081 925 3132; x_wconf 83' lang='lat' dir='ltr'><strong>item</strong></span> <span class='ocrx_word' id='word_1_237' title='bbox 939 3079 1074 3140; x_wconf 85' lang='lat' dir='ltr'><strong>justitiam</strong></span> 
     </span>
     <span class='ocr_line' id='line_1_33' title="bbox 237 3162 1074 3228; baseline 0.002 -12"><span class='ocrx_word' id='word_1_238' title='bbox 237 3164 270 3216; x_wconf 89' lang='lat' dir='ltr'><strong>ad</strong></span> <span class='ocrx_word' id='word_1_239' title='bbox 288 3165 396 3228; x_wconf 73' lang='lat' dir='ltr'><strong>angelos</strong></span> <span class='ocrx_word' id='word_1_240' title='bbox 413 3166 519 3226; x_wconf 83' lang='lat' dir='ltr'><strong>servat,</strong></span> <span class='ocrx_word' id='word_1_241' title='bbox 539 3162 582 3226; x_wconf 83' lang='lat' dir='ltr'><strong>qui</strong></span> <span class='ocrx_word' id='word_1_242' title='bbox 600 3162 760 3214; x_wconf 72' lang='lat' dir='ltr'><strong>salubribus</strong></span> <span class='ocrx_word' id='word_1_243' title='bbox 777 3175 868 3218; x_wconf 88' lang='lat' dir='ltr'><strong>eornm</strong></span> <span class='ocrx_word' id='word_1_244' title='bbox 886 3165 1009 3217; x_wconf 83' lang='lat' dir='ltr'><strong>consiliis</strong></span> <span class='ocrx_word' id='word_1_245' title='bbox 1027 3167 1074 3218; x_wconf 91' lang='lat' dir='ltr'><strong>ad·</strong></span> 
     </span>
    </p>
   </div>
   <div class='ocr_carea' id='block_1_5' title="bbox 0 0 1205 3759">
    <p class='ocr_par' dir='ltr' id='par_1_6' title="bbox 0 0 1205 3759">
     <span class='ocr_line' id='line_1_34' title="bbox 0 0 1205 3759; baseline 0 0"><span class='ocrx_word' id='word_1_246' title='bbox 0 0 1205 3759; x_wconf 95' lang='lat' dir='ltr'><strong> </strong></span> 
     </span>
    </p>
   </div>
  </div>
 </body>
</html>
