2384 3759
526 306 561 361 45

192 445 222 499 2.
242 448 293 501 tite
311 458 400 501 rerem
418 447 590 499 constantiam
609 446 701 511 habet,
721 447 765 512 oni
782 458 914 511 nunqnam
931 447 962 502 in

111 536 205 589 lancie
224 533 316 586 dieina
334 536 432 596 cessat,
448 532 523 595 lnata
540 531 621 583 ittnd:
650 531 807 585 Benedicarn
823 534 961 585 liominnrn

113 624 148 675 in
179 619 254 671 omni
281 622 417 681 tempore,
443 628 547 679 semper
573 618 632 669 tans
650 617 707 679 ejns
723 616 751 669 in
770 630 814 671 ore
832 630 891 670 nreo
909 622 961 673 etc.

114 706 187 771 (Pa.
198 700 245 764 33,
256 701 297 767 2.)
315 703 368 755 Nec
385 705 470 754 cessat
486 714 501 753 a
519 701 632 753 terrenti
650 702 779 755 desiderio
798 703 959 767 proficiendi.

113 794 200 853 Nam,
221 792 291 842 teste
307 789 395 841 Leone
411 788 495 855 Pppa:
523 777 604 841 Nemo
622 790 737 841 nostrum
756 793 809 843 tani
828 790 964 853 periectos

113 882 163 931 eet
181 881 211 929 et
230 878 346 936 sanctus,
365 877 396 925 nt
412 872 554 935 perfectior
578 876 606 925 et
623 873 739 927 sanctior
756 887 814 927 esse
831 887 884 927 non
902 887 962 939 pos·

113 965 166 1015 sit
199 960 287 1013 idcnr:
306 959 346 1011 ini
363 958 483 1011 incitinnt
498 956 637 1011 oeteienai
656 959 811 1023 pericnlum,
839 960 884 1013 nbi
902 971 964 1022 pro·

114 1042 234 1101 ficiendi
251 1045 428 1107 deposnerunt
439 1042 594 1107 appetitum.

193 1127 224 1181 3.
243 1129 282 1182 tid
299 1140 389 1181 veram
407 1128 579 1181 constantiam
597 1127 722 1181 inducere
739 1142 787 1183 nos
804 1132 883 1185 debet
900 1144 963 1185 con·

116 1217 227 1271 stantia
238 1218 389 1285 Martyrum,
409 1219 437 1266 et
454 1215 596 1279 praecipue
609 1214 751 1279 Virginem,
770 1228 838 1282 onae
855 1217 883 1271 in
895 1230 962 1271 sexn

116 1303 218 1367 fragili
235 1304 369 1354 aeternam
387 1300 498 1363 storiam
515 1312 563 1363 per
580 1301 752 1353 constantiam
769 1307 930 1357 mernerunt.

195 1389 250 1443 Sed
279 1388 392 1451 amptius
422 1398 527 1439 movere
556 1398 605 1439 nos
634 1387 713 1441 debet
734 1388 768 1441 ad
789 1388 963 1443 constentiam

118 1474 275 1540 pertinacia
299 1473 475 1535 iudaeorum,
506 1472 705 1538 naereticorum,
735 1479 763 1528 et
779 1488 963 1540 perversornna

118 1561 265 1616 nominum
282 1559 311 1611 in
327 1558 437 1611 malitiis
453 1559 509 1610 snis
527 1560 679 1623 temeritas,
707 1562 752 1626 oni
777 1574 825 1626 pro
852 1561 962 1625 peritia

119 1652 152 1701 et
182 1646 333 1710 pertinacia
361 1644 527 1707 iniqnitatnnr
557 1657 663 1697 snarnm
694 1658 774 1709 mse
802 1649 962 1699 tormentum

118 1734 228 1787 habent
243 1730 272 1782 in
288 1728 448 1783 conscientia
463 1742 512 1781 sna
530 1729 558 1781 in
575 1731 716 1794 praesenti,
737 1735 763 1785 et
780 1732 963 1797 gravissimam

120 1830 245 1885 poenam
263 1818 367 1870 aninrae
385 1821 412 1868 et
429 1816 544 1880 corporis
561 1822 746 1881 exspectantes
764 1818 792 1869 in
809 1818 906 1869 intnro.

195 1902 225 1955 4.
242 1905 427 1967 argumentum
439 1914 517 1955 verae
530 1902 693 1955 constantiae
710 1904 760 1964 est,
778 1913 837 1954 cnnr
855 1900 962 1965 alionis,

122 2004 177 2045 nec
197 2001 246 2053 pro
263 1988 404 2041 amissione
421 1988 556 2051 corporis,
585 1997 672 2051 neone
689 1996 794 2049 rernm,
825 1989 913 2037 cessat
929 1984 964 2039 ab

121 2076 268 2138 omnious,
296 2086 362 2139 qnae
378 2075 432 2126 lieo
449 2075 564 2138 placent.
592 2073 666 2126 sicot
683 2072 775 2126 ionias
793 2084 809 2125 a
826 2072 964 2136 sepnitnra

120 2168 292 2217 rnortncrnn
320 2172 373 2213 non
403 2159 530 2223 cessavit3
554 2167 611 2223 pro
641 2170 692 2224 qno
718 2171 766 2212 rex
784 2158 963 2213 Sennacherib

124 2248 219 2301 onania
251 2245 276 2297 ei
301 2244 371 2297 oona
388 2245 515 2307 aostnitt,
546 2249 573 2297 et
590 2245 699 2309 insuper
715 2245 797 2299 ewini
815 2244 963 2310 praecepit.

122 2334 169 2388 sic
187 2331 283 2385 nantel
300 2332 334 2382 ao
351 2330 468 2382 oratione
485 2340 537 2382 non
555 2331 677 2383 cessavit.
709 2330 751 2384 Sic
768 2331 886 2395 Apostoli
903 2334 965 2395 post

123 2418 349 2474 resurrectionem
369 2416 463 2468 christi
481 2426 531 2467 nec
548 2414 894 2479 praemonstrationem,
913 2428 965 2470 nec

123 2510 236 2570 propter
252 2502 372 2556 timorem
389 2500 480 2553 mortis
498 2513 514 2552 a
531 2501 742 2555 manifestatione
760 2502 872 2556 nominis
890 2503 966 2557 ciri-

125 2592 160 2644 sti
179 2591 361 2650 cessaverunt,
380 2586 496 2639 dicentes
514 2586 772 2641 adversariisi'etrns
790 2592 817 2641 et
833 2589 961 2641 ioannes:

125 2682 163 2733 to
192 2677 248 2729 lieo
273 2674 359 2737 napis
384 2672 629 2737 coepiscopantes,
648 2684 694 2727 nos
712 2673 902 2737 lpsijntticate.
934 2673 963 2726 si

120 2765 224 2827 imtnrn
242 2764 285 2814 cst
300 2761 329 2812 in
346 2765 490 2823 conspecto
506 2758 553 2810 Dei
569 2771 616 2813 vos
634 2761 721 2823 potins
748 2760 857 2821 antire,
884 2770 964 2824 qnarn

126 2852 220 2912 beorn,
239 2848 363 2911 indicate.
383 2846 459 2912 (Act.
479 2843 506 2906 4,
526 2841 584 2904 19.)
614 2846 679 2897 item
692 2846 783 2898 Petrus
802 2849 829 2897 et
846 2844 963 2908 Apostoli

126 2938 255 2989 aixerunt
279 2933 312 2985 an
330 2933 406 2987 titos:
434 2931 545 2984 obedire
563 2934 667 2995 oportet
683 2931 736 2983 lieo
754 2930 856 2993 magis,
886 2940 964 2993 qnanr

127 3020 290 3075 nominihus.
311 3018 387 3084 (Ace.
407 3014 435 3080 5,
453 3013 508 3081 29.)

195 3104 224 3160 ὁ.
255 3108 443 3169 momentum
471 3102 663 3156 inconstantiae
693 3108 749 3162 cst,
780 3107 839 3149 conr
868 3096 966 3159 alionis
