2384 3759
606 355 643 412 to

209 509 272 552 rere
290 495 437 552 misericors
454 503 556 562 sponte,
576 500 717 562 55555555
734 503 859 562 rogetur,
884 509 990 552 omnem
1011 502 1051 553 iu·
1104 512 1105 581 t

209 581 304 646 jurium
323 592 357 635 ex
375 584 453 636 eorde
470 582 594 636 remittit:
622 595 756 648 uunquam
779 583 980 652 uindicaturus,
999 599 1051 640 uec
1104 606 1105 613 ι

211 677 258 732 per
274 679 312 729 se,
333 680 381 720 nec
398 679 446 732 per
464 668 554 721 ulium.
590 668 646 720 imo
669 679 733 721 uere
754 668 905 722 misericors
932 673 1053 735 umutior

212 757 252 806 est
268 753 303 806 nd
320 755 515 818 remittendum,
535 766 612 820 ouem
634 754 671 806 sit
693 753 822 817 iniurions
840 754 1049 819 adpetendum.
1104 742 1105 775 ³

212 839 276 892 Nom
294 851 355 892 rere
372 839 519 894 misericors
537 840 597 903 uiuo
611 839 688 892 dolet
703 839 737 892 de
754 843 862 904 pecocto
883 841 1047 907 injuriantis,
1104 828 1105 909 ἶ

211 935 288 989 quom
307 926 339 978 de
357 926 501 980 addictione
519 926 634 988 proprie,
652 936 730 988 ouem
747 926 781 978 eo
794 924 936 988 injurientc
947 927 1052 979 suffert.
1104 934 1105 949 ³

211 1011 255 1064 Sic
272 1013 358 1065 semei
376 1011 562 1074 maledicenti,
591 1014 619 1062 et
644 1010 747 1072 tepidos
770 1013 861 1064 contro
877 1023 907 1063 se
924 1010 1051 1076 mittenti,

210 1097 294 1150 David
313 1110 345 1148 ex
364 1097 441 1148 corde
459 1095 567 1160 dimisit,
586 1095 667 1147 etiem
685 1097 859 1159 conpetenti.
896 1098 937 1160 dt,
956 1108 993 1149 ue
1004 1108 1054 1160 ner
1104 1100 1105 1141 i

213 1181 333 1232 inimicos
351 1193 412 1232 5555
430 1181 600 1246 occideretur,
619 1181 764 1244 prohibuit,
789 1183 892 1235 diceus:
920 1182 1052 1236 omittite

214 1277 283 1328 eum,
303 1271 331 1317 ut
350 1266 497 1340 maledicet,
512 1267 588 1331 juxto
606 1271 774 1330 praeceptum
796 1269 910 1322 itomini:
933 1268 957 1320 si
979 1270 1050 1322 torte
1104 1304 1105 1343 ,

211 1351 335 1414 respiciet
352 1352 473 1404 Dominus
492 1351 663 1404 afflictionem
681 1364 781 1418 mecm3
809 1356 836 1406 et
861 1354 956 1406 reddet
982 1355 1051 1406 mitri

212 1435 336 1488 domiuus
355 1437 450 1489 honum
468 1449 515 1500 pro
531 1437 716 1490 meledictione
739 1440 807 1501 irco,
835 1439 878 1492 die
906 1438 1047 1492 hodierno.

177 1546 184 1563 ·
213 1519 261 1579 (II.
279 1522 343 1585 dieo.
366 1519 468 1584 16,11.
490 1519 547 1586 12)
583 1523 626 1576 Sic
645 1524 725 1576 etium
743 1525 840 1587 iosenu
857 1526 977 1588 pepercit
995 1525 1051 1577 ite·

212 1606 295 1660 tridus
314 1609 376 1672 suis,
398 1611 536 1673 55555555]
555 1612 690 1674 peterent,
716 1608 805 1661 dendo
821 1620 902 1671 super
918 1609 1049 1672 singulos.

213 1691 431 1759 (5554515.)

216 1809 218 1814 -
282 1782 334 1834 Nec
352 1783 401 1834 doc
419 1780 517 1834 suidoit
536 1793 596 1834 rere
614 1780 790 1843 misericordi,
810 1780 863 1833 nisi
879 1780 961 1832 etiem
979 1779 1105 1842 iulu-

213 1865 341 1919 cientibus
367 1857 422 1920 5555
447 1867 571 1932 pronitus
598 1867 686 1920 alico
712 1867 817 1919 renium
844 1866 972 1919 55555555
1008 1868 1052 1920 Sic

213 1953 314 2015 Moyses
331 1953 437 2006 Judeeis
454 1955 541 2016 ipsum
560 1952 680 2016 innidere
697 1952 848 2005 uolentibus
870 1952 984 2016 gentium
1002 1953 1051 2004 im·
1104 1948 1105 2007 ἐ

213 2038 336 2102 uenerit,
356 2039 467 2090 dicens:
484 2042 533 2092 Aut
551 2038 653 2092 dimitte
672 2039 711 2090 eis
728 2039 798 2091 huuc
814 2048 926 2102 uoxem3
946 2041 1010 2101 cut,
1029 2038 1052 2090 si

213 2136 266 2176 nou
280 2126 353 2188 iacis,
373 2125 432 2176 dele
445 2137 487 2177 me
500 2124 532 2176 de
545 2123 613 2176 libro
626 2127 681 2187 tuo,
696 2135 772 2188 quem
785 2124 921 2188 scripsisti.
943 2121 1050 2183 (15555

214 2205 258 2272 32,
277 2205 319 2260 31.
340 2206 397 2269 32.)
433 2211 477 2262 Sic
493 2212 643 2275 stephanus
660 2210 848 2272 lapidantibus,
868 2210 907 2261 sic
925 2211 1052 2262 domiuus

214 2296 288 2348 iesus
306 2295 502 2348 crucifixoribus
529 2295 583 2348 suis
610 2295 715 2346 reniero
741 2299 769 2346 et
796 2294 907 2358 gretiam
925 2294 1050 2356 obtinuit,

215 2393 274 2432 oum
292 2383 401 2445 uterque
420 2381 529 2434 dixerit:
549 2381 656 2434 Dimitte
672 2379 740 2430 iltis:
759 2378 821 2442 quin
838 2378 971 2441 nesciunt,
991 2376 1053 2442 quid

215 2465 328 2518 iaciunt:
348 2466 392 2518 ubi
412 2467 490 2520 valde
508 2466 665 2530 injuriantes
682 2469 860 2527 excusentur,
888 2464 965 2527 quusi
982 2464 1053 2516 dice

215 2555 287 2602 rent:
307 2551 363 2604 Non
382 2552 479 2603 hebent
496 2563 613 2615 sensum,
633 2563 687 2603 nou
704 2550 901 2609 enimsciunt,
926 2549 993 2613 quid
1016 2549 1053 2600 iu·

216 2637 302 2689 ciunt:
323 2637 432 2701 ideoque
452 2638 515 2700 ipsis
534 2638 627 2689 merito
645 2649 699 2688 nou
717 2639 758 2688 est
783 2634 982 2699 imputandum,
1007 2633 1054 2686 sed

216 2721 360 2774 clementer
377 2723 545 2785 percendum.

286 2805 310 2860 3.
331 2808 368 2860 Ad
386 2819 501 2860 aurorem
527 2820 604 2860 verce
630 2807 827 2861 misericordiae
854 2806 981 2858 iuducere
1007 2817 1056 2858 uos

218 2893 305 2956 debet,
326 2893 393 2958 quod
412 2895 479 2945 Deus
498 2893 524 2944 in
543 2906 591 2945 suo
609 2897 703 2946 ustura
720 2903 822 2946 summe
839 2895 881 2943 est
897 2891 1058 2954 muericcrs,
1104 2942 1105 2951 ,

218 2985 245 3032 55
264 2980 291 3039 55
309 2980 369 3032 eliis
387 2978 593 3030 misericordium
614 2979 702 3041 diligit
727 2989 808 3041 supro
831 2976 957 3038 modum,
987 2975 1058 3028 sicut

217 3065 274 3127 ipse
293 3065 371 3118 dixit:
392 3066 489 3118 Euutes
508 3066 595 3115 cutem
614 3064 724 3127 discite,
750 3064 814 3128 quid
834 3073 887 3116 cst:
907 3062 1058 3116 misericor·

219 3150 288 3205 dium
307 3155 376 3218 volo,
397 3155 424 3204 et
441 3163 493 3204 555
510 3148 675 3202 sucrificium.
694 3151 807 3211 (Metto.
827 3146 854 3213 9,
873 3147 930 3215 13.)
