2384 3759
610 371 666 426 vm

624 558 654 624 6.

308 681 386 748 Non
417 677 567 764 aliquas
599 684 726 745 tantum
748 675 882 744 virtutes
904 699 1003 745 nosse
1027 687 1060 744 et

222 785 328 852 colere
359 783 514 849 Albertus
545 804 606 848 nos
629 779 743 866 docet,
781 778 840 847 sed
871 779 1059 846 virtutum

221 889 343 957 veluti
364 888 583 955 universum
606 886 640 950 in
661 883 723 949 hoe
746 905 805 949 suo
827 881 1059 949 Enohiridio

220 992 330 1077 tradit,
353 991 388 1057 in
410 1014 492 1056 nuce
514 987 650 1054 Iliadem
661 989 673 1071 ,'
692 987 756 1070 ita,
779 996 816 1053 ut
837 987 878 1052 ab
901 1009 939 1053 eo
961 1011 1057 1074 prae-

221 1097 417 1163 termittatur
438 1091 529 1175 nihil,
553 1090 643 1176 quod
664 1114 758 1158 verae
780 1090 907 1157 virtutis
923 1091 1056 1158 charae-

223 1210 291 1266 tere
313 1197 504 1284 insignitum
526 1205 594 1278 est,
623 1204 656 1261 et
677 1193 757 1259 nihil
779 1193 935 1281 addatur,
967 1195 1058 1281 quod

222 1302 350 1368 virtutis
387 1308 512 1364 tantum
549 1297 692 1385 speeiem
722 1321 799 1385 prae
830 1321 865 1365 se
895 1298 957 1365 fert
987 1299 1058 1366 sine

223 1406 339 1474 anima.

308 1507 546 1574 Enumerantur
568 1508 653 1573 enim
676 1509 710 1596 α)
733 1508 886 1590 virtutes,
909 1529 992 1592 quae
1014 1505 1058 1573 ad

222 1612 331 1678 Deum
368 1609 468 1676 veluti
504 1610 693 1677 immediato
724 1610 842 1675 intuitu
864 1610 1065 1697 respiciuntz.

222 1714 339 1798 fides,
363 1714 533 1782 charitas
557 1739 635 1802 erga
656 1714 776 1798 Deum,
811 1736 912 1800 spes,
936 1716 1055 1780 eonfi-

223 1819 366 1902 dentia,
403 1819 517 1884 timor
554 1817 727 1902 Domini,
764 1817 930 1901 laetitia,
970 1840 1054 1884 eon·
1103 1898 1104 1901 Ἴ

223 1923 456 2010 gratulatio,
501 1919 725 2008 gratitud0,
770 1920 1054 2006 contemplatio.

224 2024 324 2113 (Cap.
339 2026 422 2095 XX.
438 2025 466 2090 Ι.
482 2025 582 2090 XXI.
598 2025 770 2092 XXXVI.
786 2025 905 2094 XXII.
920 2025 1055 2092 XXIII.

223 2127 378 2198 XXXV.
400 2127 517 2194 XXV.
540 2127 730 2215 XXXIII)

310 2231 548 2297 Enumerantur
571 2233 606 2317 b)
620 2234 765 2315 virtutes,
789 2254 872 2318 quae
886 2231 930 2299 ad
950 2232 1054 2298 homi·

222 2358 307 2420 uem,
324 2335 377 2401 eui
391 2335 510 2420 insunt,
526 2337 720 2403 referuntur:
742 2337 946 2419 abstinentia,
961 2339 1055 2404 casti-

221 2449 284 2522 ωε,
308 2440 468 2514 uonfessio
491 2443 741 2528 (peecatorum),
764 2442 954 2525 constantia,
978 2464 1054 2508 con·

222 2552 342 2610 temtus
365 2543 488 2627 mundi,
512 2547 671 2629 contritio,
694 2545 857 2629 diseretio,
888 2545 1054 2630 fortitudo,

221 2645 399 2730 humilitas,
421 2646 563 2732 libertas,
586 2649 749 2735 patientia,
772 2658 956 2736 paupertas,
978 2672 1055 2734 pru·

222 2747 352 2834 dantia,
389 2750 546 2835 solitudo,
583 2753 797 2835 taciturnitas,
833 2754 1055 2839 temperantia,

222 2852 363 2937 tristitia,
386 2855 515 2921 veritas.
553 2852 650 2944 (Cap.
673 2856 752 2923 VH.
774 2857 836 2927 VI.
858 2856 936 2922 XL.
955 2855 1055 2921 XVI.

223 2955 413 3024 XXXVII.
467 2960 642 3027 XXXIX.
687 2960 859 3027 XXXIV.
898 2959 964 3026 IX.
1008 2959 1055 3024 11.

223 3059 376 3133 XXVII.
392 3062 453 3128 IV.
469 3063 512 3128 V.
528 3063 625 3129 VIII.
640 3064 795 3130 XXXII.
817 3063 957 3130 XXXI.
971 3063 1057 3128 XX.

218 3164 355 3233 XXIV.
377 3167 526 3255 XVIH.)
972 3213 977 3222 ·
