2384 3759
532 391 584 450 185

140 530 315 589 aduersitate:
336 526 427 582 Addua
442 536 535 580 menes
560 527 637 580 erant
654 523 682 578 ln
700 525 820 584 dentibus
838 543 927 586 eorum
948 535 977 586 ei

138 631 201 673 ecee
219 618 296 670 turer
312 613 414 667 itnmini
431 613 561 665 excitatus
578 611 607 664 in
624 616 750 678 pupulum
769 620 898 684 percussit
914 629 975 672 eunt

137 707 218 770 plaga
235 713 342 766 magna.
356 701 452 763 (Num.
465 696 507 762 11,
517 698 576 762 33.)

207 789 263 844 sed
291 798 354 841 ecee
383 788 473 838 santra
502 786 551 838 uas
569 787 663 851 plagas
685 791 714 840 et
730 790 818 843 omnia
834 789 889 853 tam
906 788 977 844 dicta

137 879 211 932 mala
228 875 329 939 triplex
347 875 389 926 est
405 871 566 924 remedium:
591 874 741 928 emendatio
760 875 832 930 ritae
848 887 897 939 per
914 886 977 939 pne·
1017 865 1019 872 ’

138 963 281 1018 nitentium
298 958 488 1020 voluntariam,
513 960 641 1012 senectia
659 960 778 1014 malitiae
796 974 844 1026 per
860 961 976 1024 superie-

137 1063 195 1104 rem
225 1047 406 1110 disciplinam,
435 1043 546 1098 mutatio
572 1045 760 1110 incorrigibilis
786 1057 913 1111 personae
931 1057 977 1111 per

137 1134 260 1202 institiae
279 1131 478 1184 districtionem.
508 1129 867 1197 lleprimu(Jae110,13):
886 1132 978 1186 deniu-

138 1222 194 1286 gite
211 1230 262 1274 ves
280 1223 308 1271 et
325 1217 444 1282 plangite
455 1216 622 1282 sacerdotem
641 1219 742 1272 ululate
754 1219 867 1272 ministri
885 1216 977 1272 altaris

139 1312 168 1363 et
187 1304 357 1372 ingredimini
382 1308 409 1356 et
426 1302 521 1356 eneam
539 1302 567 1356 in
591 1303 683 1356 saenis.
720 1305 853 1370 lacingite
870 1317 919 1359 uns
935 1315 977 1358 sa·

76 1438 77 1445 ,
140 1394 263 1449 aerdetes
289 1390 454 1444 administri
476 1389 583 1455 tingnis
608 1392 785 1454 paenitentiae
812 1397 839 1446 et
856 1393 977 1458 plangite

139 1489 207 1546 pure
227 1478 319 1540 surde,
346 1479 448 1531 ululate
472 1477 500 1528 in
526 1476 691 1530 confessione
714 1481 741 1532 et
758 1479 875 1534 oratione
891 1484 920 1536 et
937 1481 976 1532 in·

139 1564 283 1633 gredimini
300 1562 440 1618 ecelesiam
456 1575 505 1627 per
520 1562 719 1628 paenitentiam,
740 1565 810 1617 unde
828 1565 918 1618 existis
930 1575 978 1628 per

138 1654 266 1716 eulpam,
296 1649 389 1704 cubate
415 1649 444 1702 in
460 1661 538 1702 sacen
556 1649 574 1702 i.
593 1661 618 1702 e.
639 1649 761 1716 delitias,
782 1652 876 1716 quinus
894 1651 976 1704 ullen-

138 1738 232 1801 distis‚
260 1748 308 1800 per
332 1736 403 1790 uitae
429 1736 610 1790 austeritatem
636 1741 844 1800 recompensato,
863 1737 976 1790 utinam

139 1825 187 1878 llei
204 1823 312 1888 nemius
324 1822 456 1885 mitigare.
471 1823 554 1875 -lte
571 1823 687 1875 seeundo
700 1823 781 1884 (Mul.
794 1821 822 1888 3,
836 1821 892 1886 3.):
911 1824 976 1878 Eece

139 1910 232 1964 veniet
243 1910 367 1962 deminus
385 1908 460 1972 qnasi
473 1908 542 1972 ignis
552 1908 670 1960 sonitans
687 1921 724 1960 se.
744 1919 792 1972 per
805 1909 890 1974 justos
900 1922 976 1974 prae·

139 1998 210 2050 lates
228 1998 258 2048 et
273 1994 397 2060 purgauit
414 1992 483 2046 illins
503 1993 566 2048 Lari
593 1993 612 2046 i.
634 2005 656 2046 e.
677 1995 812 2048 ministras
829 1995 930 2060 altaris,
950 1999 977 2050 et

139 2085 179 2138 sie
205 2081 312 2148 utrique
339 2083 462 2146 plagatus
478 2078 642 2146 mitigabitur
659 2079 699 2134 ira
715 2081 771 2134 liei.
792 2107 827 2118 -
845 2082 881 2134 lle
899 2082 976 2135 tertie

139 2169 258 2233 (βαιὴ.
271 2165 315 2234 20,
327 2164 401 2230 36.);
420 2168 547 2221 ludiealtu
564 2177 620 2229 vus,
640 2167 704 2220 dicit
721 2167 852 2231 deminus,
871 2172 899 2220 et
915 2169 977 2222 sub·

136 2257 230 2322 liniam
248 2265 297 2308 vus
314 2255 418 2317 seeptro
434 2265 505 2317 mee,
523 2256 551 2304 et
568 2253 666 2315 eligam
684 2252 717 2305 de
734 2252 808 2306 uubis
830 2257 976 2317 transgres-

138 2355 214 2398 sures
232 2345 261 2394 et
277 2341 371 2404 impius
388 2353 425 2393 se.
447 2339 481 2392 ad
497 2337 699 2402 subjiciendum,
719 2339 764 2404 qui
783 2339 811 2392 in
829 2339 898 2392 mala
916 2350 975 2403 per·

138 2431 267 2484 severant
284 2428 303 2480 i.
323 2438 348 2481 e.
366 2425 568 2491 incorrigibiles.

417 2685 573 2758 CAPUT
595 2687 697 2755 XIX.

140 2830 189 2887 lle
205 2825 349 2884 seeundo
359 2826 574 2882 manducandi
583 2826 681 2883 modu
696 2841 741 2882 se.
756 2824 795 2880 de
805 2823 975 2897 spirituali.

207 2952 347 3006 secundus
374 2950 468 3003 medus
493 2949 669 3002 manducandi
689 2950 819 3002 christum
843 2953 884 3001 est
900 2947 976 3009 spiri·

138 3041 222 3096 tualis
251 3041 370 3100 tannim,
398 3041 426 3089 et
451 3037 501 3089 istu
527 3037 606 3089 made
628 3045 719 3088 omnes
736 3033 831 3088 salvati
850 3032 882 3084 ab
901 3032 976 3086 initio

137 3127 233 3182 mundi
244 3125 480 3185 manducaverunt,
491 3128 519 3175 et
526 3123 647 3176 salvandi
656 3121 825 3174 manducant.
844 3119 975 3173 imbres:

138 3217 198 3272 Nun
210 3211 374 3266 manducans
385 3209 529 3263 manducat
547 3212 575 3262 et
589 3206 751 3260 manducans
763 3217 815 3257 nnn
827 3206 976 3269 manducat,
