2384 3759
619 363 671 418 144

227 517 334 571 operum
352 505 524 558 intentionenr
547 503 580 558 ab
599 505 714 559 bumano
737 505 837 560 lavore.
876 505 999 570 breson:
1024 507 1067 562 sic

225 593 261 646 slt
287 603 353 656 opus
380 592 409 644 lu
427 591 543 656 publico,
573 595 702 656 quatenns
720 591 833 644 intentio
851 593 960 644 maneat
978 591 1007 644 lu
1026 605 1067 646 oc·

225 679 311 732 cultu:
340 681 370 731 ut
395 677 515 730 debono
533 687 613 740 opere
630 675 756 742 proximis
783 676 959 742 praebeamus
977 689 1067 732 exem·

225 766 299 830 plum
318 768 406 817 tanen
424 773 473 828 per
489 761 673 824 intentionem,
692 773 743 827 qua
761 763 811 816 soli
823 764 876 817 beo
895 765 1005 827 placere
1023 777 1067 820 cu·

226 851 319 915 pinus,
339 861 444 914 semper
454 851 574 913 optemus
590 851 729 902 semetum.
762 849 869 914 Triplex
886 861 950 903 vero
968 850 1067 906 bonum

225 938 367 1003 praecipue
385 935 511 989 lebernus
529 933 690 988 abscondere
708 947 724 988 a
741 935 834 988 lavore
852 937 1009 1002 bominum
1029 951 1063 992 sc.

226 1025 433 1087 eleemosynam:
464 1023 529 1075 cunr
558 1020 625 1073 iacis
652 1011 859 1085 eleemosynam,
889 1024 944 1075 noli
976 1025 1066 1078 tubam

226 1121 322 1163 canere
340 1111 403 1162 ante
420 1112 448 1162 te
459 1107 573 1169 (Manu.
587 1103 614 1171 6,
628 1104 685 1168 2.):
707 1107 866 1160 orationem:
886 1109 918 1161 ut
936 1121 997 1162 cum
1010 1122 1066 1163 oro·

226 1195 305 1257 reris,
333 1195 402 1246 intra
420 1193 449 1245 ln
467 1193 616 1246 cubiculum
633 1195 684 1246 etc.
699 1195 813 1255 (Mutilo.
827 1189 853 1258 6,
867 1194 925 1254 6.);
957 1201 985 1249 et
1001 1197 1066 1262 jeju·

226 1282 313 1334 nium:
333 1292 391 1333 cnm
406 1279 510 1344 ieiunas
528 1291 599 1343 unge
617 1283 695 1343 capnt
713 1283 798 1332 tuum.
814 1278 885 1345 (tt.)

296 1366 391 1428 Quarto
408 1364 486 1418 dulur
497 1365 613 1417 uelatum
625 1363 727 1418 ratione
744 1365 933 1420 imbecillitatis
948 1372 1063 1422 nostrae.

226 1454 278 1506 lloo
308 1453 378 1504 enlm
397 1451 522 1516 exigebat
547 1450 714 1504 imbecillitas
740 1453 888 1516 bominum,
917 1455 988 1519 uuorl
1008 1468 1065 1519 pro·

226 1538 305 1591 batur
332 1538 415 1591 tribus
443 1538 539 1591 mollis:
569 1537 656 1590 l’rlmo
681 1538 911 1608 auguralegull:
942 1541 1065 1594 bidentes

226 1623 274 1678 illii
293 1625 373 1677 lsrael
392 1637 425 1677 ex
444 1623 574 1676 consortio
587 1623 690 1676 Domini
709 1627 842 1677 cornutum
863 1625 959 1679 taciem
971 1627 1062 1690 mopsi,

226 1713 372 1766 limuemnt
389 1722 471 1775 prope
489 1709 627 1773 recellere3
653 1711 722 1764 unde
740 1711 828 1776 posuit
845 1713 967 1765 uelamen
986 1725 1065 1778 super

226 1798 319 1851 laciern
338 1807 423 1859 suam,
443 1795 550 1860 quando
567 1795 726 1858 loquebatur
744 1797 776 1848 ud
795 1807 839 1850 eos
853 1799 918 1859 (Eu.
932 1793 977 1862 34,
987 1795 1062 1862 29.);

225 1885 264 1938 sic
281 1883 403 1938 nimirum
422 1883 474 1934 lmo
492 1881 677 1945 multomagis
696 1893 789 1946 eorpus
812 1883 907 1936 christi
931 1884 960 1936 in
978 1897 1064 1938 resur·

224 1971 341 2025 rectione
350 1970 406 2033 elus
415 1967 589 2032 glorificatum
599 1968 625 2018 et
633 1967 771 2030 spirituale
781 1968 945 2022 acdeil'orme
955 1970 1061 2033 iactum,

225 2059 314 2111 nullus
341 2058 427 2120 pol-est
450 2053 605 2107 mortalibus
639 2053 769 2118 inspicere
795 2055 890 2119 oculis,
928 2055 981 2108 nisi
1012 2057 1063 2108 alia

225 2143 313 2207 specie
331 2143 456 2194 velatum.
478 2167 511 2176 -
530 2139 651 2192 secundo
670 2141 796 2202 probatur
813 2153 847 2193 er
865 2143 914 2195 boc
932 2142 1002 2206 quod
1021 2155 1062 2195 ac-

226 2229 289 2281 clrllt
306 2229 384 2281 matri
402 2227 449 2280 liei
466 2227 572 2289 Mariae,
596 2237 670 2294 ‚quae
688 2238 740 2279 uon
759 2227 844 2290 poluit
860 2227 992 2280 sustinere
1011 2229 1063 2281 cla·

224 2315 328 2367 ritatem
341 2314 506 2376 praesentius
515 2312 575 2365 lilii
587 2316 614 2364 el
626 2311 736 2375 gloriam
747 2311 798 2364 nisl
816 2317 886 2366 esset
897 2311 1060 2366 obumbrata.

226 2402 308 2453 carue
331 2402 419 2450 autem
448 2398 558 2462 virginis
576 2399 678 2460 velata,
700 2397 823 2462 majestas
841 2398 954 2462 spiritus
973 2405 1061 2454 saneta

226 2484 378 2548 operatione
405 2485 474 2537 lacta
505 2487 546 2536 est
574 2483 741 2548 possibilisa
765 2483 871 2549 virgine
898 2488 925 2538 et
948 2487 1062 2539 etiamr

224 2570 303 2622 uobls
328 2569 421 2621 villeri.
458 2570 510 2622 sell
529 2581 608 2622 carne
627 2569 688 2634 illa,
708 2573 770 2634 posl
788 2571 938 2635 passionem
957 2584 1007 2635 per
1024 2583 1062 2624 re-

225 2655 413 2709 surrectionem
431 2654 577 2717 plorillcala
601 2659 628 2707 et
650 2656 682 2708 arl
702 2657 901 2709 similitudimem
920 2657 967 2710 bel
985 2658 1061 2710 cluri-

224 2742 301 2795 llcata
313 2741 456 2794 secunlum
465 2739 547 2792 illul:
567 2741 687 2794 cmrlbca
698 2753 741 2794 me
753 2743 829 2794 Pater
840 2744 940 2802 (Joou.
956 2741 980 2806 1,
994 2741 1059 2806 lo),

229 2829 300 2882 lacta
330 2831 371 2879 est
395 2826 566 2890 impassibilis
584 2827 618 2879 ab
636 2828 719 2880 oculis
737 2828 887 2880 mortalium
911 2827 939 2879 ln
958 2831 1061 2893 propria

225 2917 309 2967 lorma
327 2912 398 2964 nulla
415 2911 507 2973 rideri
536 2911 587 2963 nisl
612 2917 681 2966 esset
698 2905 786 2967 uelata
810 2915 898 2980 aliqua
916 2916 1007 2977 specle
1025 2915 1060 2968 vi·

225 2998 304 3049 sibili.
342 2997 398 3048 lion
425 2993 525 3048 ridebit
550 3007 594 3048 me
622 2999 700 3051 bomo
727 3003 754 3052 ot
772 3001 850 3053 vivet
864 2998 926 3064 (lis.
941 2996 986 3065 33,
1001 2998 1058 3063 20.)

225 3083 347 3135 violemus
363 3093 434 3134 nuuc
450 3091 501 3145 per
517 3083 654 3142 speculum
677 3096 713 3135 sc.
733 3085 842 3138 rationis
872 3090 899 3138 et
925 3085 953 3138 ln
973 3088 1059 3152 aenip-

226 3172 296 3220 mats
313 3181 350 3221 ac.
370 3169 454 3232 lpura
472 3167 555 3229 panis.
573 3168 712 3220 -lertio
730 3170 855 3234 probatur
875 3171 945 3224 luem
959 3173 1058 3228 ratione
