2384 3759
83 3245 86 3330 l

612 386 647 443 86

214 542 300 597 poena
311 530 361 583 nait
375 528 463 583 villere
475 527 602 591 homines,
622 530 758 593 postquem
774 530 861 583 lesum
879 530 999 595 amplios
1019 533 1056 585 ri-

214 618 278 670 ‹lere
291 627 343 668 non
362 615 454 679 potnit.
479 616 534 669 lrno
546 616 625 667 etiam
641 614 731 667 ridere
744 615 860 679 angelos,
875 617 996 679 poenale
1008 619 1055 670 iile

214 701 275 755 fnit.
312 698 384 753 llnde
403 701 504 765 angelis
523 699 672 752 volentibus
684 711 742 751 eam
755 701 886 753 consolari
899 700 932 754 de
946 714 1055 756 recessa

212 787 316 841 llomini
335 787 367 839 (le
385 788 532 852 sepulchro,
552 785 608 837 alt:
630 787 729 848 Quaero
749 787 913 849 creatorem,
938 797 966 839 et
994 788 1055 841 itleo

214 873 279 927 nrlni
305 884 385 937 grave
412 875 453 925 est
478 871 568 926 vilere
593 876 747 925 creaturam.
789 872 903 937 locoque
929 873 1002 938 insit
1029 876 1055 927 ln

215 972 332 1013 eremum
350 961 456 1023 propter
482 968 596 1009 amorem
614 957 675 1009 lesu
699 956 812 1022 christi,
838 958 947 1023 triginta
975 960 1055 1013 annis

213 1058 307 1099 carens
324 1046 396 1098 omnl
413 1043 472 1097 cibo
491 1046 517 1096 et
534 1046 598 1105 potu
616 1043 757 1107 corporali:
777 1054 854 1109 quam
872 1044 961 1108 angeli
980 1046 1054 1097 leva·

214 1132 280 1183 bant
297 1132 324 1182 in
342 1128 403 1181 alra
421 1130 532 1191 singulis
555 1128 625 1180 horis
648 1128 680 1180 etl
708 1128 833 1181 orandum
853 1129 1001 1195 deputatis,
1026 1132 1054 1183 ln

213 1228 267 1280 apra
284 1214 402 1266 oratione
418 1214 511 1265 sumsit
535 1214 638 1266 animae
661 1217 687 1266 et
708 1213 823 1277 corporis
847 1216 1050 1268 nutrimentum.

284 1296 310 1351 4.
330 1302 516 1363 Argumentum
534 1300 618 1353 falsae
635 1299 784 1353 solitudinis
802 1301 894 1364 halet,
924 1299 970 1365 qni
988 1300 1054 1353 iicet

214 1386 251 1437 sit
267 1384 339 1437 solus
357 1386 528 1448 corporaliter
554 1398 643 1439 coram
666 1386 735 1449 ileo,
762 1385 850 1437 enims
876 1388 966 1437 tamen
993 1385 1052 1450 elus

215 1472 257 1523 est
273 1469 302 1521 ln
319 1469 428 1522 dirersis
445 1471 537 1523 mnndi
548 1471 674 1534 partibus,
694 1470 775 1523 variis
787 1470 899 1535 negotiis
912 1476 1053 1535 occupata.

214 1556 286 1608 liceo
302 1554 362 1618 dno,
382 1556 494 1620 scilicet,
520 1555 685 1609 taciturnitas
703 1560 730 1609 et
751 1556 878 1618 solitudo,
907 1556 1054 1610 efficaciter

216 1642 323 1695 elevant
339 1641 372 1694 ati
392 1642 650 1706 contemplationem.
689 1642 762 1695 llnde
783 1642 849 1694 illud
871 1644 1051 1696 Thronornnr:

214 1724 264 1791 (3,
292 1724 351 1787 28.)
378 1728 485 1781 senelit
502 1728 650 1793 solitarius3
679 1732 705 1780 et
726 1727 838 1781 tocebit:
864 1726 926 1793 quia
952 1726 1055 1781 levarit

213 1824 244 1866 se
260 1824 341 1878 super
357 1826 394 1867 se.

453 2164 609 2239 CAPUT
630 2166 805 2233 XXXIII·
843 2236 848 2245 .

371 2324 430 2397 lle
459 2322 896 2395 contemplatione.

286 2496 311 2549 1.
333 2499 524 2563 contemplatio
544 2510 605 2552 vera
624 2504 650 2552 et
662 2500 779 2563 perlecta
791 2502 831 2552 est
842 2501 965 2555 collectio
978 2502 1057 2555 anec-

216 2584 316 2638 tionum
344 2587 371 2635 et
398 2585 514 2639 omniurn
541 2586 636 2639 virium
664 2586 768 2639 enimse
792 2586 826 2638 ed
844 2588 1058 2651 cognoscentium

216 2681 276 2722 curn
295 2668 471 2722 delectatione
488 2675 514 2723 et
532 2672 707 2724 admiratione
725 2672 819 2724 mentis
838 2672 938 2737 aliquio
959 2673 995 2726 de
1014 2686 1059 2726 na·

216 2760 275 2809 tura
293 2754 396 2808 divina:
422 2755 522 2808 scillcet
545 2757 578 2809 de
596 2757 730 2821 potentia,
754 2758 898 2822 sapientia,
924 2758 1056 2823 bonitate,

217 2842 342 2903 caritate,
376 2840 529 2919 nobilitate,
563 2842 697 2909 largitate,
723 2849 772 2896 etc.
797 2844 854 2896 slve
876 2846 985 2898 occulta
1010 2846 1056 2899 liei

214 2926 323 2990 indicia,
342 2926 398 2978 sive
410 2926 599 2979 sanctissimam
613 2929 669 2981 eius
683 2931 855 2992 voluptatem,
869 2930 926 2983 sile
940 2931 1057 2996 aliquam

217 3012 416 3073 perlectionem,
435 3022 502 3074 quoe
521 3012 606 3063 tendit
623 3014 650 3065 in
670 3017 759 3067 iteum.
791 3016 821 3067 ln
834 3016 883 3067 lrac
896 3017 1060 3082 contempla·

219 3096 292 3149 tione
320 3098 428 3151 inerunt
450 3096 617 3151 Patriarclaae
644 3106 671 3152 et
693 3101 858 3165 Prophetae,
891 3105 918 3154 et
942 3103 1060 3166 apostoli

218 3184 311 3237 sancti.
348 3184 413 3238 llam
430 3183 588 3239 Patriarclris
612 3190 639 3239 et
656 3186 792 3250 Prophetis
819 3188 922 3241 occulta
944 3198 996 3242 sua
1014 3200 1062 3254 per
