2384 3759
545 335 599 410 ‘2⁰²1’

151 477 188 531 iic
215 477 297 531 tercio
314 477 388 530 ioan.
401 473 429 541 6,
442 473 500 529 51.:
528 477 582 542 Epo
609 489 667 530 sum
694 478 768 542 panis
786 480 871 546 mous,
891 481 935 546 poi
953 480 986 536 dc

147 565 223 617 cocio
250 563 385 616 demendi.
423 564 455 616 et
480 565 546 618 iraoc
571 567 613 618 ost
639 564 695 618 viia
724 565 757 618 ad
775 567 856 620 iioum
883 580 987 634 semper

148 650 322 704 iarocnoum.

217 736 342 790 secanio
358 747 452 800 corpus
469 735 571 789 Domini
598 736 748 790 nomiuaiur
765 745 985 794 sacamentum

147 824 262 878 altaris
279 826 307 874 ei
324 821 467 874 secundum
485 823 533 875 iuoc
550 821 630 876 uaoei
657 823 787 887 triplicem
805 823 927 878 cii'ocium
947 837 983 876 sc.

145 911 173 963 iu
191 909 293 974 tripiici
310 910 381 961 statu
398 907 515 961 iioieiium
534 908 551 962 i.
572 919 596 961 c.
616 908 643 960 iu
662 909 711 961 iroc
727 911 834 974 monuo,
855 910 883 962 iu
900 911 982 972 coeio,

144 995 174 1048 iu
192 993 357 1060 purgatorio.
392 995 422 1047 iu
439 996 509 1046 statu
526 993 618 1046 muntii
630 997 738 1057 peccam
756 995 900 1048 relaxatio
913 998 984 1049 siaiu

144 1081 294 1146 purgatorii
311 1090 423 1142 poenam
435 1079 553 1143 alleviat,
571 1079 600 1131 iu
616 1081 688 1133 siaiu
706 1079 773 1133 coeii
792 1080 902 1144 gloriam
921 1091 984 1144 aug·

144 1169 258 1219 mentac.

217 1253 256 1305 iie
274 1250 358 1315 prr‘mo
375 1252 449 1304 ioan.
464 1247 491 1314 1,
505 1246 563 1304 iii:
589 1253 654 1305 Ecce
676 1263 759 1318 apuus
776 1253 832 1318 nei,
852 1265 914 1308 ecce
931 1257 982 1314 etc,

146 1336 275 1390 -Licet
298 1337 387 1390 omnia
414 1341 522 1400 peccata
547 1337 574 1389 in
592 1337 721 1402 baptismo
739 1343 802 1394 soni
819 1341 923 1407 donata,
944 1341 984 1394 in·

145 1421 259 1475 uomicas
275 1423 364 1473 tamur
382 1422 483 1485 peccati
510 1422 530 1475 i.
550 1435 573 1476 e.
593 1425 677 1479 iomes
704 1426 732 1479 iu
754 1439 833 1482 carue
850 1431 982 1493 romanon

145 1511 173 1562 et
190 1507 254 1573 quia
272 1519 305 1560 ex
324 1509 386 1570 hoc,
413 1508 482 1572 puori
510 1509 627 1574 quotidie
649 1511 764 1564 labimur
780 1515 874 1566 sulcem
892 1515 920 1567 in
938 1525 982 1568 ue·

144 1592 273 1656 uiaiious,
303 1593 363 1645 idco
383 1595 499 1646 christus
522 1607 569 1659 pro
595 1594 671 1647 nobis
689 1597 804 1659 quotidie
822 1599 981 1662 immolatur,

148 1684 179 1734 ut
196 1680 243 1745 oui
261 1680 343 1731 semei
361 1680 497 1733 moriendo
522 1686 632 1734 moriem
651 1679 765 1745 devicit,
785 1683 900 1746 quotidie
917 1685 983 1736 reci·

145 1767 210 1820 diua
222 1766 377 1823 delictorum
396 1777 445 1830 per
457 1767 521 1819 iraec
533 1769 697 1820 sacramenia
709 1766 820 1819 rciarec
846 1767 981 1821 Ambrosr

144 1855 221 1909 sicut
247 1852 315 1918 puori
341 1852 439 1917 uirique
465 1852 574 1906 oiieriur
600 1863 681 1906 uuum
709 1855 749 1906 est
766 1863 869 1917 corpus,
901 1851 938 1907 ica
956 1858 984 1908 ct

145 1951 228 1994 uuum
247 1943 289 1992 cst
303 1939 472 2002 sacrificium,
494 1939 611 1992 cirrisius
630 1939 712 1992 semei
731 1938 758 1992 iu
776 1949 852 1992 cruce
870 1939 982 1992 irosiiam

145 2039 194 2091 pro
206 2024 327 2078 omnious
339 2025 443 2088 obtulit,
462 2025 546 2089 ipsam
557 2026 691 2079 oii'crimus
709 2029 737 2079 et
752 2035 835 2079 nuuc:
854 2025 900 2077 scri
913 2025 983 2090 quoi

145 2125 195 2166 uos
212 2112 314 2176 opimos
331 2109 478 2164 recordatio
496 2114 537 2163 esi
547 2109 669 2165 sacriiicii
686 2110 765 2178 iiiios,
786 2121 835 2165 nac
853 2121 931 2164 causa
943 2111 982 2164 io·

145 2199 279 2253 iirmiiaiis
305 2197 378 2250 iiiios
404 2197 542 2262 reperitur,
571 2199 619 2252 sco
636 2203 750 2262 nostroe,
779 2199 840 2265 quia
869 2199 983 2264 quotidie

146 2296 295 2352 peccemus.

119 2414 123 2423 ,
216 2373 253 2426 iic
270 2373 386 2426 montio
401 2371 518 2437 iculi,
533 2371 591 2426 11.:
611 2373 674 2426 iiedi
685 2371 758 2426 uobis
770 2373 934 2436 sanguinem,
953 2374 984 2424 ut

145 2471 229 2524 super
254 2460 331 2512 aitari
357 2471 416 2512 meo
442 2459 554 2524 expietis
580 2471 628 2524 pro
656 2459 794 2512 animabus
811 2457 914 2512 vestris,
952 2461 983 2513 in

145 2549 197 2600 icoc
214 2545 354 2610 aguratum
372 2548 421 2611 esi,
442 2547 511 2613 puoo
529 2546 687 2600 sacuncium
700 2546 785 2600 carnis
804 2549 831 2598 cc
846 2545 983 2610 sanguinis

146 2632 243 2687 curisti
261 2633 333 2686 vaiet
345 2633 483 2685 animabus
500 2633 528 2686 in
546 2645 632 2697 poena
650 2631 802 2698 purgatorii.
832 2633 880 2686 iiic
896 2633 983 2686 scieu-

145 2721 228 2783 oum,
256 2719 324 2784 poor
350 2721 404 2771 tres
427 2722 529 2773 turmae
547 2719 692 2772 animarum
709 2724 771 2774 suot
789 2719 980 2772 decedentium.

147 2807 234 2860 Prima
251 2803 429 2869 peccarium,
457 2805 573 2858 securum
591 2804 790 2869 poenitentium,
810 2805 888 2857 tortia
906 2803 982 2854 inuo-

147 2892 271 2946 ceucium.
315 2892 428 2945 Primam
457 2889 614 2944 sacrificium
648 2903 703 2944 uou
737 2891 856 2955 adiuvat:
887 2889 981 2942 ierem.

148 2974 252 3044 i,13.:
282 2979 347 3042 poia
373 2981 475 3033 locutus
501 2989 560 3031 sum
587 2979 622 3030 ari
648 2989 695 3032 vos
713 2983 740 3030 ci
757 2989 809 3029 nou
828 2975 937 3028 audistis
955 2979 981 3028 et

147 3067 240 3121 uocaui
266 3077 313 3120 vos
339 3061 633 3129 consummatioris,
661 3063 797 3127 projiciam
815 3074 862 3115 ros
881 3074 896 3114 a
915 3061 982 3114 iacic

149 3165 209 3206 mer
227 3153 245 3205 i.
265 3165 289 3204 o.
310 3154 344 3206 ao
357 3153 429 3207 omni
440 3152 518 3217 bono,
536 3153 605 3218 puori
624 3153 663 3203 osi
682 3151 709 3202 in
727 3149 800 3202 cocio
818 3152 845 3201 ec
862 3147 889 3200 in
902 3149 979 3200 ierra.
