2384 3759
535 381 567 436 x]

216 599 371 686 Denique
406 599 541 666 virtutes
583 599 632 666 sio
668 599 765 667 docet
798 601 966 687 Albertns,

123 718 162 770 ut
184 703 340 787 nominis,
363 702 452 788 quod
475 703 565 790 operi
585 703 762 789 inscripsit,
784 727 967 772 mensuram

124 807 285 894 implesse
308 803 374 870 diui
395 814 564 872 mereatur.

215 909 375 985 Promisit
395 908 622 976 Paradisum
644 909 806 976 animae:
828 910 966 996 promis·

125 1014 173 1080 sis
198 1012 300 1094 stetit,
322 1010 549 1078 Paradisum
571 1011 674 1082 dedit.
710 1012 859 1080 Libellus
881 1013 967 1080 enim

124 1116 217 1183 sistit
238 1113 439 1180 Paradisum
454 1116 590 1202 animae,
613 1116 690 1201 quia
710 1116 861 1201 virtutes,
884 1137 966 1201 quas

124 1215 346 1300 commendat,
368 1217 543 1302 nti-verae,
565 1220 745 1305 perlectae,
770 1221 965 1290 christianae

125 1333 216 1406 sunt,
241 1322 288 1386 ita
301 1319 529 1389 Paradisum
551 1322 698 1390 animae
721 1335 964 1407 construunt,

124 1429 269 1510 honest,
291 1425 391 1492 vitam
411 1427 618 1494 coelestem
640 1437 673 1494 et
692 1429 851 1512 beatam,
874 1426 965 1545 quod

124 1553 249 1596 nomen
270 1529 419 1596 Paradisi
440 1531 554 1605 innuit
577 1532 732 1646 efficiunt

217 1736 325 1802 Haeo
347 1746 397 1802 est
418 1683 573 1804 doctrina·
585 1736 628 1804 de
649 1737 834 1819 virtutibus,
866 1757 964 1820 quam

127 1843 162 1906 in
188 1839 295 1906 XLII
329 1841 488 1927 capitibus
520 1840 676 1926 explicat3
711 1841 793 1905 haec
825 1835 966 1904 docendi

127 1945 236 2028 ratio,
247 1966 345 2028 quam
367 1945 488 2010 tenuit..
653 2001 656 2005 ,

219 2043 282 2116 Cet
269 2055 373 2112 terum
387 2045 577 2134 Prologus
602 2055 635 2111 et
648 1999 842 2131 Epilogus
862 2043 965 2112 lecto·

127 2151 231 2234 ribus,
254 2149 351 2216 etiam
373 2173 425 2215 me
446 2173 512 2214 non
526 2158 687 2232 monente,
710 2157 812 2216 semet
826 2148 963 2214 maxim·

128 2277 227 2342 opere
249 2253 530 2322 commendabunt.

216 2357 257 2423 In
278 2358 420 2446 Prologo
457 2359 542 2426 enim
575 2356 825 2444 perspicacitas·
842 2355 965 2442 ingenii

128 2472 160 2528 et
182 2459 332 2528 soliditas
351 2461 477 2550 judicii,
499 2463 534 2528 in
555 2459 699 2548 Epilogo
720 2483 797 2527 vero
819 2459 963 2547 pulchri·

126 2563 209 2632 tudo
248 2574 281 2630 et
316 2564 477 2630 modestia
513 2565 631 2648 animi,
672 2564 792 2650 quibus
832 2563 964 2632 dotibus

128 2679 245 2736 auctor
267 2669 411 2754 eminuit,
434 2669 631 2742 elucescunt.
915 2682 917 2685 ’

184 2819 188 2826 -
216 2771 257 2836 In
279 2781 428 2857 utroque,
463 2772 550 2837 etin
572 2771 712 2841 decursu
734 2773 834 2840 totius
857 2773 964 2861 operis

126 2877 214 2941 inter
245 2897 320 2958 eos,
359 2876 415 2960 qui
447 2875 567 2941 miram
593 2879 716 2964 gratias
739 2876 867 2943 divinae
888 2899 964 2944 cum

125 2979 277 3045 libertate
313 2978 467 3063 humana,
505 2989 537 3046 et
573 2981 731 3047 libertatis
759 3001 833 3046 cum
860 2978 965 3064 gratia

127 3079 336 3148 concordiam
358 3082 555 3168 ignorantes,
577 3085 631 3150 vel
646 3084 783 3170 gratiam
804 3081 964 3156 libertate,

124 3186 178 3253 vel
193 3185 377 3252 libertatem
397 3187 501 3274 gratia
524 3185 705 3266 destruunt,
727 3179 868 3246 mediam
890 3197 964 3238 cum
