2384 3759
115 509 190 552 nam
208 497 287 550 daret
297 496 465 559 manducare,
480 496 752 560 multiducipalorun
767 499 822 563 clus
835 499 957 554 adierunt

115 589 194 647 retra,
215 583 290 635 sulus
308 583 400 635 Petrus
418 582 499 634 dixit:
527 583 611 634 lerna
633 583 704 636 vitae
722 587 845 638 aeternae
863 587 955 654 habea,

116 671 149 722 ad
167 681 248 735 quem
267 669 380 722 ibinusl
393 670 492 730 (doun.
506 665 535 729 6,
548 665 607 731 69.)
637 670 675 723 lle
693 683 755 736 ergo
773 673 861 735 plures
879 685 955 727 sean-

116 757 307 817 dallzarentur‚
336 758 363 808 et
391 758 466 808 velut
491 755 597 820 quidam
624 759 694 809 esset
717 759 808 812 nonar
825 759 955 813 numanae

117 844 223 907 carnis,
254 841 302 894 sed
331 842 415 905 magis
433 845 539 894 maneat
555 843 640 906 glorta
658 844 822 906 redemtoris,
850 846 909 898 ideo
927 846 955 898 ln

115 927 293 981 similitudine
320 926 417 991 accipis
434 933 639 992 sacramentum,
668 929 715 981 sed
742 941 820 982 verae
846 935 956 984 naturae

117 1014 231 1080 adriani
245 1014 421 1078 virtutemque
438 1014 614 1078 consequeris.
634 1041 668 1050 -
687 1016 723 1068 lle
740 1015 873 1068 secundo:
892 1017 954 1070 titl-

116 1102 220 1166 gataunt
248 1099 308 1151 idea
325 1099 417 1152 ludaei
435 1097 505 1163 (ead.
524 1101 574 1164 l.);
608 1101 721 1164 litigatio
748 1103 814 1154 naec
839 1114 956 1158 ulnrnlur

118 1192 145 1240 et
175 1186 308 1239 detractio
335 1190 384 1247 est,
413 1189 441 1238 et
457 1187 517 1238 ideo
534 1186 627 1238 debuit
644 1187 735 1240 velari.
756 1213 790 1224 -
808 1189 844 1242 lle
862 1191 952 1243 tertia:

115 1272 250 1327 Percussit
276 1273 400 1325 Dominus
427 1275 525 1326 multas
553 1284 584 1325 ea
616 1274 683 1338 qaod
714 1274 841 1327 vldlssent
867 1289 953 1330 arcam

114 1359 231 1419 Domini,
251 1358 315 1422 qnia
331 1370 369 1410 ac.
386 1369 439 1410 nan
457 1358 554 1411 licebat
571 1360 611 1411 eis
628 1360 718 1412 videre
737 1373 794 1414 earn
813 1361 950 1416 detectam.

115 1449 181 1499 llrca
198 1444 334 1507 signidcat
348 1457 443 1509 carpus
455 1446 560 1508 culisti,
580 1448 649 1511 quud
664 1449 786 1512 malignis
804 1455 844 1502 est
862 1452 953 1504 velan-

115 1532 178 1584 duna
196 1542 233 1582 ne
251 1530 426 1593 spiritualiter
443 1533 595 1595 moriantur,
620 1535 644 1585 si
664 1534 770 1587 videant
795 1537 856 1600 quia
874 1549 953 1589 causa

115 1630 178 1670 suae
197 1615 336 1670 caecitatis
354 1620 475 1680 putarent
492 1631 550 1672 esse
568 1619 631 1682 quid
649 1621 854 1683 phantasticum.

184 1703 401 1765 secundantis,
429 1717 509 1768 quare
527 1706 645 1758 relatum
662 1706 747 1768 datur,
767 1711 807 1758 est
823 1707 888 1759 ildes
907 1707 952 1758 llo·

114 1803 209 1845 narum
228 1793 258 1842 ct
277 1791 341 1842 llaec
358 1791 426 1842 ratic
445 1794 532 1854 potest
550 1791 576 1842 in
594 1791 644 1844 tria
658 1791 791 1856 distingui.
812 1805 878 1857 qnae
896 1792 952 1844 eri·

115 1882 180 1942 gunt
192 1880 244 1930 nac
262 1876 354 1939 velari,
373 1889 408 1928 sc.
425 1877 486 1930 ddel
497 1889 555 1930 esse
567 1890 667 1943 veruna,
682 1879 844 1932 infidelitatis
856 1891 951 1944 pravae

113 1964 272 2027 remedium,
291 1961 352 2015 ildei
369 1965 499 2016 merium.
884 1994 888 2002 -

184 2051 275 2104 Prima
303 2048 365 2102 ildcl
392 2062 451 2101 cssc
476 2061 567 2102 aarum
586 2051 677 2115 exigit,
696 2056 725 2104 ut
743 2054 857 2106 velatum
876 2054 952 2106 detur

115 2149 212 2200 carpus
244 2135 352 2187 curisti:
387 2135 461 2187 Fides
493 2140 534 2188 est
561 2148 649 2190 rerum
678 2150 731 2190 nun
770 2139 951 2202 apparentium

115 2218 321 2286 (Hcdr.10,1.)
348 2224 429 2285 lup:
448 2221 524 2275 Fides
534 2224 583 2285 est,
599 2223 704 2275 credere
722 2223 790 2287 quad
803 2236 855 2275 nun
868 2225 951 2286 vides.

114 2310 224 2364 credere
253 2306 340 2361 verbis
357 2308 390 2359 de
408 2319 436 2360 re
454 2309 572 2373 occulta,
597 2320 664 2372 quae
683 2319 745 2360 vere
762 2313 803 2360 est
821 2312 846 2361 et
863 2313 951 2364 tamen

114 2409 173 2450 eam
201 2395 288 2448 oculis
314 2406 368 2447 nan
394 2395 476 2447 rides.
515 2397 580 2448 liam
607 2395 700 2456 dere,
728 2405 804 2458 quarn
823 2396 950 2461 videmus,

113 2483 256 2536 scientiam
275 2481 456 2544 potiusquam
475 2480 552 2533 iidem
565 2481 704 2535 habemus:
726 2481 841 2536 christus
854 2487 902 2548 est
923 2485 950 2537 in

115 2579 195 2633 quem
213 2566 336 2620 videntes
354 2567 469 2619 credilis.
482 2571 515 2630 (l.
527 2568 602 2622 Pctr.
614 2564 638 2630 1,
650 2564 689 2630 8.)

185 2653 310 2707 secunda
329 2652 490 2706 infidelitatis
514 2653 659 2706 remedium
684 2654 774 2717 exigit,
802 2659 832 2708 ut
849 2657 951 2710 velatur

113 2753 213 2805 carpus
227 2740 331 2804 Christi,
351 2742 479 2804 quatenus
500 2741 593 2804 culpae
611 2739 774 2796 infidelitatis
792 2744 952 2807 respoudeat

113 2828 211 2881 nodus
238 2839 367 2890 congruus
393 2828 589 2880 satislactionis.
609 2889 611 2892 ¹
629 2827 701 2879 Unde
723 2829 791 2880 sicut
808 2831 950 2892 primarum

114 2913 446 2977 parentum-incredulitas
473 2913 571 2977 incepit
598 2924 631 2964 ex
654 2913 744 2965 auditu
763 2913 835 2967 verbi
853 2915 950 2968 diaboli

114 2999 263 3064 suadentis,
292 3001 379 3054 cilum
406 3001 546 3053 habentem
568 3001 679 3052 mortem
698 3001 809 3052 velatam
829 3005 856 3054 et
873 3001 900 3052 lu
919 3013 949 3054 ea

114 3090 177 3141 snut
194 3096 290 3139 sensns
302 3096 392 3140 earum
404 3099 472 3140 vane
490 3085 627 3138 delectati:
645 3085 684 3136 sic
696 3087 825 3146 congruit,
844 3090 873 3139 ut
884 3087 949 3140 tides

115 3173 305 3228 mirandorum
332 3173 441 3237 incipiat
465 3184 506 3225 ex.
517 3171 609 3224 auditu
626 3169 701 3221 verbi
718 3167 870 3234 salvatoris,
890 3185 950 3225 sua·
