2384 3759
546 338 580 392 19

142 483 253 548 gratiam
281 482 308 533 iu
336 482 478 545 praesenti,
509 483 535 534 et
553 479 664 544 gloriam
686 479 713 530 iu
729 479 838 542 cataro,
871 483 977 544 propter

142 567 351 622 conformitatem
372 567 467 620 curisti
484 568 556 630 Jesu,
576 577 652 630 quam
666 565 688 616 si
700 566 795 618 mereri
813 570 902 629 posset
919 560 977 630 gra-

141 656 204 707 tiam
223 655 252 706 ct
269 654 381 717 gioriam
401 651 523 714 maiorem
541 661 589 714 per
606 649 723 702 debitum
741 649 888 713 coniugata.

211 737 238 790 3.
260 739 297 790 nd
316 747 433 790 umorem
452 737 580 790 castitatis
599 737 723 788 inducere
735 748 782 788 nos
801 736 879 790 dehet
890 749 978 790 exent-

142 825 329 890 pium-Itomini
347 824 428 876 nostri
437 825 499 876 iesu
518 823 620 888 curiati,
639 822 730 874 matria
748 821 813 885 eius,
834 828 861 874 et
877 826 978 874 sancta·

141 923 199 966 mm
218 911 374 974 uirginum,
406 921 472 974 quae
492 909 553 961 oiim
571 919 618 972 pro
636 909 835 960 conservatione
853 907 979 960 castitatis

142 1009 226 1063 mgna
234 995 328 1049 mundi
337 1000 540 1059 contemserunt,
559 998 585 1047 ct
598 995 677 1047 ritum
687 996 780 1056 sponte
798 993 977 1057 perdidcmnt,

142 1083 211 1136 sicut
228 1083 257 1136 B.
277 1087 380 1145 Agnes,
402 1081 560 1143 catharina,
580 1083 680 1145 ngacna
699 1084 726 1133 et
744 1081 813 1132 aiiae
831 1081 979 1132 innumera·

142 1171 211 1222 itiics
242 1168 285 1220 tais
314 1168 423 1219 similes.
471 1168 502 1219 Et
531 1168 672 1230 praecipue
701 1168 807 1220 castitas
837 1168 977 1220 muliemm

142 1267 174 1308 ac
191 1254 325 1318 uirginum
343 1263 513 1316 paganarum,
533 1253 566 1305 de
584 1253 678 1318 quitus
695 1253 786 1306 scribit
802 1255 831 1306 i).
851 1253 976 1318 Hierony·

142 1353 212 1400 mus,
231 1339 301 1404 quod
320 1342 429 1391 mortem
447 1339 594 1402 clegerunt,
615 1345 644 1391 ut
662 1337 813 1402 pudicitiam
831 1345 976 1393 seruarent.

141 1430 209 1482 Item
227 1425 358 1476 munditia
376 1428 403 1476 et
421 1425 540 1487 tibertus,
560 1425 708 1478 castitatem
726 1431 882 1490 sequentes,
902 1425 979 1478 indu·

142 1525 205 1564 cere
222 1523 271 1563 nus
290 1511 387 1564 debent
405 1515 431 1563 et
448 1510 562 1562 invitare
580 1511 614 1563 ad
632 1513 786 1566 castitatem.
811 1513 876 1566 item
894 1513 980 1578 gioria

141 1597 260 1651 castitati
287 1607 302 1646 a
320 1595 428 1648 Domino
454 1599 542 1649 nostro
559 1597 621 1650 Jesu
641 1598 741 1651 Christo
760 1600 894 1662 promissa.
932 1599 980 1661 Qui

142 1683 257 1745 uicerit,
286 1681 388 1746 iuquit,
408 1680 522 1746 (scilicet
539 1683 627 1736 curnis
644 1682 895 1747 concupiscentiam)
912 1683 980 1735 dabo

142 1770 168 1821 ai
186 1767 282 1820 sedere
300 1777 402 1818 mecum
420 1767 448 1818 in
466 1769 559 1820 turono
577 1780 651 1834 meo;
670 1769 739 1822 sicut
756 1775 784 1821 ct
801 1779 851 1832 ego
869 1767 934 1831 vici,
954 1767 982 1819 ct

141 1854 201 1908 sedi
229 1863 291 1906 cum
318 1853 396 1905 Patre
420 1865 480 1906 mco
507 1853 534 1904 in
558 1857 653 1906 torono
671 1855 735 1917 ejus.
757 1851 857 1920 (apoc.
877 1849 904 1915 3,
923 1847 981 1914 21.)

142 1940 209 1992 iiam
222 1937 385 2000 incorruptio
398 1936 462 1990 iacit
471 1949 529 1990 esse
539 1937 688 2001 proximum
702 1935 767 1989 'iteo
789 1936 872 2001 (Sap.
884 1933 912 1999 6,
920 1933 980 1998 20.)

163 2063 166 2068 .
212 2021 241 2078 4.
262 2025 425 2076 conservant
441 2027 529 2076 autem
543 2023 702 2085 castitatem,
721 2025 749 2074 ct
766 2021 901 2075 inductiva
919 2025 982 2075 sunt

142 2109 279 2174 ejusdem:
299 2109 383 2161 victus
400 2108 527 2172 parcitas,
547 2109 634 2160 cuitus
654 2106 760 2172 vilitas,
780 2109 922 2172 corporatis
940 2109 981 2162 in·

141 2196 328 2259 commoditas,
356 2202 382 2250 et
408 2197 500 2260 iugera
527 2195 614 2246 iocum
637 2199 665 2246 et
682 2199 784 2258 tempus
802 2195 981 2259 impudicitiae

140 2285 329 2348 opportunum.
365 2283 436 2346 duod
454 2283 476 2334 si
494 2282 567 2345 iiiuc,
588 2280 643 2334 iiiia
661 2281 741 2335 Jacob
759 2282 881 2347 iecisset,
904 2285 981 2346 captu

140 2383 195 2424 uon
215 2369 320 2431 ruisset,
339 2369 443 2434 quando
463 2369 535 2423 venit
552 2361 586 2420 'ad
605 2369 714 2433 testum,
731 2371 762 2421 ut
778 2369 981 2423 rideretmuiic-

131 2459 183 2510 'rea
201 2455 322 2520 regionis
340 2455 420 2508 iiiios.

213 2543 281 2595 Item
309 2542 393 2596 vitare
421 2553 511 2594 omnes
539 2545 682 2604 suspectos.
720 2541 803 2595 Debet
820 2546 907 2594 autem
926 2541 980 2594 cui⁴

141 2632 211 2684 libet
238 2629 371 2682 foeminae
398 2627 510 2694 quilibet
532 2628 664 2680 masculus
683 2639 741 2680 esse
759 2639 904 2692 suspectus.
942 2628 981 2680 Ex

138 2720 190 2770 iroc
219 2715 290 2768 cuim
310 2717 437 2777 itamar,
465 2714 521 2767 iiiia
538 2715 619 2768 David
639 2727 654 2767 a
677 2713 782 2778 pmpriu
799 2716 880 2768 fratrc
898 2717 982 2768 amon

138 2805 268 2868 compta
287 2801 345 2864 mit,
365 2803 426 2868 quia
445 2813 504 2854 eum
522 2805 672 2866 suspectum
691 2812 743 2853 uon
757 2800 856 2866 habuit,
877 2800 981 2864 quando

139 2894 164 2945 ci
182 2889 237 2944 soii
256 2892 379 2953 mnquam
397 2887 499 2940 intirmo
513 2887 683 2940 ministravit.
703 2885 981 2946 Simiiiterunicuique

138 2979 199 3031 utro
218 2979 341 3039 suspecta
359 2983 418 3026 esse
436 2973 515 3026 debet
533 2973 641 3038 quaevis
659 2973 766 3036 mutter,
785 2973 864 3024 etiam
882 2966 980 3028 sancta,

137 3063 288 3118 secuudum
308 3059 445 3114 consitium
464 3060 491 3111 o.
512 3059 662 3122 iiiemnymi
680 3055 805 3109 dicentis:
831 3055 859 3104 si
876 3049 980 3100 castita-

135 3156 194 3205 tem
214 3161 324 3203 servare
343 3147 474 3210 volueris,
506 3145 666 3207 foeminam,
695 3135 903 3264 quamuugsssoeue
921 3142 981 3182 cou-
