2384 3759
618 318 670 374 100

295 459 380 519 imm,
406 457 430 510 sl
456 458 515 523 puis
540 458 641 522 credit,
670 460 756 524 quod,
775 459 819 525 qui
837 458 879 511 bic
897 460 1022 515 abundat
1038 462 1065 515 lu

226 543 416 608 temporalibus
433 542 526 609 bonis,
553 549 613 609 post
640 544 719 599 etiam
744 546 771 597 in
788 545 876 598 buturo
898 546 1022 601 abundet
1039 550 1064 601 in

226 626 323 697 studio
347 633 515 696 sempiterno.
564 633 658 685 contra
685 634 734 685 boo
763 632 858 685 dicitur
886 632 914 685 in
942 632 1063 687 Psalmo:

227 712 283 783 (51,
301 713 327 770 8.
347 715 386 774 9.)
409 717 539 774 Videbunt
554 717 619 781 lusti
637 718 751 780 (scilicet
763 719 871 774 divitem
884 720 913 771 iu
933 720 1061 784 inferno),

227 807 255 861 et
271 803 410 867 timebunt,
429 807 457 856 et
473 815 553 867 super
569 816 630 857 eum
648 804 787 869 ridebunt,
816 809 844 859 et
861 805 969 859 dicent:
999 808 1063 859 llcce

226 893 325 953 bomo,
352 889 397 955 qui
423 901 476 960 uon
502 889 591 953 posuit
613 890 693 945 beorn
720 890 863 955 adjutorem
890 903 989 954 suurn3
1017 894 1062 945 sed

225 977 342 1043 sperauit
359 978 386 1031 in
403 976 571 1030 multitudine
588 976 739 1033 divitiarum
756 989 877 1039 suarum,
905 982 933 1031 et
951 989 1062 1043 praeva-

226 1066 278 1119 luit
295 1066 321 1116 in
340 1062 458 1117 vanitate
475 1074 532 1115 sna.

457 1486 613 1556 CAPUT
634 1488 822 1555 XXXVII.

320 1643 324 1649 ⁷
369 1616 436 1715 bie
467 1660 710 1717 contemtu
741 1660 908 1717 mundi.

294 1830 319 1885 1.
340 1834 420 1887 Veros
438 1838 587 1888 contemtus
599 1836 690 1889 mundi
703 1838 752 1899 est,
763 1834 957 1911 ¹abrenuntiare
969 1834 1059 1887 marndi

224 1920 303 1973 rebus
325 1919 529 1984 temporalibus,
557 1921 659 1986 pompis
686 1922 803 1984 saeculi,
832 1920 1006 1985 dignitatibus
1034 1923 1060 1973 et

223 2005 381 2069 praelaturis
407 2005 601 2069 spiritualibus:
631 2010 658 2059 et
684 2007 835 2059 abstrahere
861 2018 889 2059 se
916 2020 933 2059 a
957 2006 1058 2059 cunctis

224 2091 317 2143 amieis
334 2090 513 2155 carnalibus„
530 2095 558 2144 et
583 2092 700 2145 moribus
726 2092 922 2155 saecularibus·‚
952 2094 1059 2155 propter

222 2186 297 2239 spem
323 2176 493 2229 beatitudinis
519 2181 651 2230 aeternae.
698 2177 736 2231 td
762 2179 811 2231 boc
837 2182 927 2231 monet
952 2190 1003 2231 nos
1029 2178 1056 2230 B.

222 2260 355 2331 loannes,
385 2260 414 2313 in
441 2261 568 2317 canonica
594 2261 740 2327 sua(l.2‚
759 2259 815 2323 15.)
838 2262 941 2317 dicens:
970 2264 1059 2321 Nolite

223 2344 335 2408 diligere
346 2346 482 2412 mnndum,
501 2360 648 2414 nequeea,
666 2361 732 2413 quae
745 2349 772 2403 in
783 2350 880 2403 mondo
892 2352 962 2403 sunt.
985 2352 1059 2405 llnuc

223 2433 382 2483 contemtum
399 2432 492 2485 babuit
508 2433 536 2485 b.
556 2436 725 2499 Augustinus,
744 2437 786 2491 cui
798 2437 963 2501 displicebat,
984 2438 1059 2503 puid-

223 2515 286 2580 qnid
303 2516 430 2580 agebatur
447 2518 475 2570 in
493 2520 609 2573 saeculo.
648 2521 762 2587 cumque
780 2523 981 2587 colloquebatur
1000 2536 1058 2577 cum

224 2603 307 2653 matre
324 2614 372 2655 sua
390 2604 468 2657 valde
485 2605 606 2669 dulciter,
627 2606 796 2672 displicebat,
825 2613 852 2660 et
869 2608 1018 2664 vilescebat
1035 2610 1057 2663 ei

222 2686 335 2740 muudus
353 2687 423 2741 inter
440 2689 521 2743 verba
539 2703 598 2745 curn
617 2692 817 2747 delectabilibus
834 2696 897 2747 suis.
927 2698 1059 2751 Similiter

221 2773 250 2826 B.
270 2776 365 2838 Agnes,
384 2775 533 2840 catharina,
544 2779 677 2842 ductilia,
698 2784 725 2833 et
736 2780 805 2833 allae
818 2780 933 2845 virgines
945 2794 1057 2847 regnum

223 2860 313 2913 mundi
331 2870 359 2913 et
376 2870 479 2913 omnem
498 2865 620 2919 ornatum
642 2865 741 2918 saeculi
764 2870 960 2921 contemserunt
979 2882 1056 2934 prop·

222 2947 263 2998 ter
280 2957 395 2999 amorem
412 2945 514 2997 bomini
532 2948 613 3001 nostri
631 2948 692 3003 lesu
711 2950 813 3005 coristi.

291 3028 316 3082 2.
345 3031 383 3085 nd
409 3032 569 3083 contemtum
594 3036 622 3086 et
649 3035 736 3089 odium
754 3037 844 3089 muudi
863 3037 992 3093 inducere
1010 3054 1056 3095 nos

224 3114 310 3181 debet,
329 3116 399 3182 quod
416 3117 518 3167 tanam
535 3114 717 3173 infidelitatem
731 3123 838 3177 exbibet
855 3124 882 3176 in
901 3124 955 3179 line
974 3127 1055 3181 dilec-
