2384 3759
521 340 554 393 ll

180 480 266 533 Aliud
300 482 483 543 argumentum
520 480 590 533 vitae
627 486 740 537 carnalis
774 490 815 539 est
844 488 956 543 libertas

99 567 233 629 linguae,
255 576 332 628 quant
352 566 470 629 sequitur
487 564 621 619 distractio
643 570 746 633 cordis,
775 572 849 635 juxta
868 576 952 629 illud:

100 654 129 704 Si
150 651 218 715 ouis
238 655 328 702 autem
346 654 421 715 putat
438 664 466 703 se
479 650 630 715 religiosum
649 666 715 717 esse,
734 666 786 707 uon
798 659 953 711 refraenans

100 738 231 800 lingnam
251 746 336 797 suum,
357 736 405 787 sad
421 736 549 788 seducem
567 748 613 790 cor
629 750 715 803 suum,
736 742 812 805 nujus
824 754 892 795 vana
910 746 953 796 est

100 822 215 885 religio.
252 819 331 883 (luc.
354 817 379 881 1,
392 817 448 885 26.)
477 822 540 875 ldco
557 824 682 887 scriptum
701 828 753 880 est:
773 827 820 890 oui
837 828 953 881 custodit

100 920 130 959 os
150 918 247 969 suum,
267 908 296 957 ct
313 904 430 969 linguam
447 918 540 969 suam,
565 910 679 983 custodit
694 913 728 965 ab
747 915 875 975 angustiis
893 915 951 966 anl-

100 1005 175 1043 mam
205 1004 293 1043 snam.
326 989 422 1055 (Proo.
443 988 487 1056 21,
506 988 562 1058 23.)
590 996 658 1047 llors
684 999 711 1049 ct
736 998 791 1051 vita
818 998 846 1050 in
869 1010 950 1061 manu

102 1081 228 1141 linguae.
252 1075 350 1141 (Pron.
370 1072 413 1140 18,
433 1072 489 1142 21.)

456 1248 609 1263 m

370 1394 526 1467 ouruu
546 1400 685 1489 xxix.

337 1536 397 1592 be
425 1538 721 1595 maturitate.

174 1675 442 1731 allandensem
460 1680 517 1742 cst,
546 1689 605 1729 curn
637 1689 727 1730 omnes
745 1679 898 1733 adiectiones
916 1684 947 1733 et

102 1766 175 1817 vires
194 1762 302 1815 animae
321 1762 480 1816 unanimiter
496 1762 658 1827 colliguntur
675 1763 701 1815 in
719 1764 808 1817 Deum.
838 1766 876 1817 lix
894 1766 944 1817 boo

103 1862 169 1903 acro
187 1860 266 1900 mens
284 1848 471 1911 constringitur
487 1862 503 1900 a
520 1850 652 1912 uanitate,
673 1854 700 1902 et
717 1849 830 1915 quinque
849 1860 945 1902 sensus

103 1935 137 1987 ab
157 1933 294 1985 illecebris
311 1926 520 1997 compescuntur.
541 1935 592 1987 sed
611 1935 713 1999 quando
727 1935 814 1987 anima
833 1947 848 1986 a
866 1934 944 1987 beata

102 2023 151 2073 illa
169 2019 272 2071 unione
288 2018 406 2083 recedit,
432 2031 494 2072 mox
512 2020 620 2073 diversis
638 2021 798 2074 vanitatibus
815 2019 942 2073 irretitur.

102 2108 168 2159 llam
188 2103 297 2166 omnia,
327 2116 394 2168 uuae
411 2104 460 2157 sub
478 2106 552 2159 coelo
569 2110 650 2172 snut,
681 2120 750 2161 vana
767 2110 846 2173 snut,
879 2105 945 2159 dicit

101 2189 285 2245 Ecclesiastes.
306 2186 343 2253 (1,
364 2187 423 2251 14.)

171 2275 200 2327 2.
233 2275 273 2325 lid
302 2286 391 2327 veram
419 2276 596 2329 maturitatem
632 2276 756 2331 iuducere
785 2290 832 2331 uos
862 2278 945 2333 debet

103 2363 257 2425 exemplum
275 2350 469 2413 sanctissimum
485 2363 547 2414 lesu
565 2361 674 2424 cbristi3
693 2362 726 2413 de
744 2363 818 2427 curius
835 2363 942 2417 seriosi-

102 2454 156 2501 tate
174 2449 215 2499 sic
233 2445 362 2500 scribitb.
375 2447 547 2512 Augustinus:
567 2448 687 2512 Legimus
705 2449 941 2502 bominumlesuut

103 2536 236 2588 cbristum
255 2532 379 2593 doluisse,
399 2532 512 2598 desisse,
532 2545 566 2585 ex
584 2534 677 2585 itinere
690 2532 827 2598 inligatum
846 2534 939 2599 inisse,

102 2619 245 2685 opprobria
262 2620 290 2669 et
307 2618 416 2683 injurias
433 2618 598 2681 sustinuisse,
617 2622 711 2682 sputa,
737 2622 861 2685 flagella,
881 2634 940 2675 cru·

102 2720 157 2759 cern
177 2702 339 2769 suscepisse;
366 2716 498 2769 nunquam
524 2707 612 2757 tamen
632 2705 742 2769 legimus
760 2718 819 2759 eum
837 2707 938 2772 risisse,

102 2792 196 2846 necin
218 2795 290 2843 terra
307 2792 487 2854 prosperatum
506 2790 596 2842 tuisse.
629 2790 809 2857 dimplens,
830 2794 890 2845 binc
909 2794 938 2845 ln

101 2894 128 2932 sc
147 2878 269 2943 gandent
286 2888 376 2929 omnes
393 2876 481 2939 electi,
500 2887 559 2929 cum
577 2878 712 2941 coeperint
734 2879 939 2931 adversitatibus

101 2966 192 3020 muudi
211 2962 327 3027 latinam,
347 2966 373 3016 et
390 2964 471 3016 nullis
489 2962 544 3027 ejus
562 2962 779 3027 prosperitatibus
806 2959 939 3015 lallaclter

102 3053 196 3117 decipi,
217 3049 349 3110 scientes,
377 3048 457 3101 aliam
483 3048 563 3100 uitam
581 3060 727 3111 superesse.
761 3050 843 3109 ltem,
875 3048 936 3107 quoia

101 3142 230 3204 scriptura
261 3136 373 3187 multum
402 3134 534 3196 vituperat
563 3134 760 3186 dissolutionem
788 3136 814 3180 et
841 3128 934 3190 risum,
