2384 3759
599 337 653 394 Μ

477 593 632 666 CAPUT
654 593 774 660 XXX.

211 759 261 817 lie
287 759 422 815 utilitate
450 757 618 828 sanguinis
637 757 757 814 christi
782 773 823 814 ex
841 761 1047 816 sacramento

212 845 308 916 digne
334 845 445 914 enmii3
475 844 528 900 iiie
554 844 727 902 attenditur
757 845 792 900 nt
817 847 915 916 potus
944 863 1048 916 equae

211 933 317 1000 vivae,
351 931 385 986 nt
411 931 521 988 vinnm
547 929 716 1001 spirituale
735 930 766 985 et
793 931 828 985 ut
854 932 1049 1004 mysterium

545 1015 720 1072 eeclesiae..

283 1170 367 1224 Tertio
385 1169 519 1233 quaeritur
536 1167 570 1220 (ie
587 1167 716 1232 sanguine
734 1167 845 1231 coristi,
866 1169 897 1219 ut
915 1167 943 1219 in
962 1181 1048 1220 soere-

212 1258 301 1307 mento
312 1254 424 1305 sumitur
439 1252 599 1317 annotinos,
620 1263 687 1318 quoe
697 1251 733 1304 sit
744 1253 845 1305 utititas
857 1253 914 1306 sive
927 1254 1047 1308 effeetus.

211 1341 249 1393 Ati
267 1342 316 1392 hoe
333 1338 482 1390 sciendum:

280 1425 366 1478 Primo
386 1428 474 1488 potest
499 1423 660 1478 considerari
686 1428 762 1488 potus
788 1424 925 1488 sanguinis
951 1425 1049 1478 christi

211 1515 242 1564 nt
257 1513 335 1574 potos
352 1523 436 1576 route
448 1511 540 1577 vivee3
559 1511 607 1564 seti
625 1515 701 1576 potus
718 1523 810 1576 equae,
829 1515 859 1564 ut
877 1511 971 1564 dieunt
982 1514 1047 1575 Pny-

211 1599 260 1652 siti
278 1603 319 1651 est
329 1599 522 1652 numeoteitrus
534 1598 676 1663 oritorum,
697 1599 855 1652 extinctivus
869 1598 1046 1663 incensorum,

212 1686 341 1738 deietivus
367 1686 400 1738 od
427 1687 545 1738 memore
571 1683 697 1738 ciborum,
735 1684 860 1738 Similiter
886 1688 965 1748 potus
987 1697 1047 1736 sen·

211 1769 299 1837 guinis
326 1772 434 1836 christi,
462 1776 493 1824 ut
518 1769 681 1835 significetur
706 1783 754 1835 per
780 1781 875 1835 equom
893 1774 948 1824 tres
967 1772 1048 1824 hebet

212 1859 321 1912 eiieotns
346 1859 375 1910 in
392 1859 480 1910 anime
498 1857 589 1919 tiiieii:¹
611 1856 690 1910 iride
712 1855 769 1920 ejus
787 1858 923 1908 humectat
937 1858 968 1908 et
985 1867 1046 1910 eon·

210 1945 305 2010 jungit,
333 1946 403 1998 mole
433 1944 539 1997 intense
565 1944 703 2006 refrigerat
729 1944 757 1994 et
782 1941 927 2006 extinguit,
957 1942 1045 1996 eitum

211 2031 285 2084 verti
302 2031 348 2083 liei
366 2031 400 2082 od
417 2030 534 2083 mentire
551 2029 625 2084 vetnit
642 2031 672 2080 ui
688 2029 755 2081 bene
773 2028 874 2092 possint
891 2029 1004 2092 operari.

280 2118 317 2168 tie
334 2117 418 2181 primo
435 2118 469 2170 is.
482 2112 526 2179 44,
540 2112 582 2167 3.:
602 2115 739 2168 timonium
751 2127 845 2180 equom
858 2127 939 2179 snper
950 2115 1043 2168 sitien·

210 2206 264 2256 tem
281 2208 310 2256 et
326 2204 426 2256 tinente
442 2214 523 2266 super
540 2203 655 2267 erioem3
680 2205 709 2256 ui
730 2215 766 2254 se.
786 2203 875 2255 anime
893 2202 969 2266 qussi
988 2203 1043 2266 pni-

210 2289 252 2344 vis
269 2289 344 2342 eride
360 2290 394 2342 et
412 2290 511 2343 tontole
529 2289 627 2342 denuoi
653 2291 680 2342 et
705 2289 739 2342 eo
761 2290 860 2342 malurn
879 2301 964 2352 prone
982 2293 1044 2353 potu

210 2377 347 2440 sanguinis
364 2377 461 2430 coristi
476 2377 583 2442 pertuso
601 2375 781 2440 conjungetur,
805 2375 1002 2440 conglutinetur
1019 2379 1045 2427 et

209 2463 347 2516 roboretur
363 2463 396 2514 eii
414 2462 491 2516 bone.
527 2466 548 2517 1.
564 2465 621 2517 cor.
635 2460 661 2526 5,
677 2459 718 2516 i.:
746 2463 808 2516 sitis
832 2474 903 2516 nove
921 2473 1043 2526 consper-

210 2549 250 2599 sio
267 2546 335 2598 sieut
352 2547 415 2598 estis
433 2550 517 2612 azymi
543 2551 563 2602 ιι
582 2563 606 2602 e.
626 2561 673 2614 per
690 2549 846 2614 baptismum
864 2561 880 2601 e
898 2549 973 2601 vitiis
991 2549 1042 2600 sin·

210 2634 265 2688 teri
282 2633 354 2701 teeti,
380 2634 418 2686 ite
443 2636 501 2688 sitis
522 2636 673 2700 aspersione
700 2635 836 2700 sangoinis
855 2635 950 2688 coristi
969 2635 1043 2700 quusi

210 2725 286 2786 poste
303 2721 331 2772 in
348 2733 418 2773 nove
436 2721 491 2772 vite
508 2725 536 2774 et
552 2723 623 2774 bono
641 2723 776 2786 compecti.

280 2808 316 2860 lie
342 2807 458 2860 seeundo
476 2808 571 2860 effectu
589 2810 630 2862 Ps.
647 2807 689 2872 tt,
702 2808 764 2862 no:
793 2807 923 2874 percussit
940 2812 1041 2872 petrem

210 2898 238 2946 et
254 2895 388 2946 tinxerunt
416 2905 499 2956 eqnoe
527 2893 560 2944 od
585 2894 795 2959 refrigerendum
812 2906 848 2948 se.
869 2895 1041 2958 proeresius

209 2980 339 3032 ardorem.
370 2980 438 3032 Eeel.
453 2977 478 3040 3,
492 2974 549 3029 33.:
569 2981 658 3041 ignem
670 2981 806 3034 orientem
819 2980 950 3044 extinguit
962 2993 1038 3046 aqna,

209 3066 271 3128 onie
288 3066 395 3128 sanguis
412 3065 531 3127 signatus
549 3075 596 3126 per
608 3077 701 3128 aquom
714 3067 825 3119 destruit
837 3068 968 3120 fervorem
987 3067 1040 3119 irre

210 3148 338 3201 erutuee
364 3153 391 3201 et
417 3148 492 3212 provi
510 3150 606 3202 umoris
633 3154 660 3202 et
686 3154 920 3217 concupiscentits.
958 3158 1038 3218 nup:
