2384 3759
520 392 554 448 75

110 534 182 583 teste
190 531 332 595 Apostolo:
352 531 443 585 omnia
460 543 566 595 possum
584 533 613 585 in
631 544 677 586 eo:
696 533 741 598 qui
752 545 794 587 mc
812 536 954 591 conioriat.
991 537 994 547 '

112 616 237 679 (Philip.
257 611 285 679 4,
304 612 363 678 13.)
393 616 447 669 lloc
465 617 551 670 aufert
566 618 784 682 desperationem.
802 621 871 683 Quae
890 622 953 687 duo,

111 702 220 753 scincet
237 701 409 764 praesumtio,
427 705 454 755 et
472 702 638 766 desperatio,
657 702 734 755 valde
751 709 813 757 sunt
829 706 955 769 spiritns·

114 788 186 839 litus
202 787 308 849 nociva,
328 791 355 840 et
370 799 450 852 saepe
468 799 513 840 eos
531 788 693 853 impugnant.
725 789 790 842 Item
808 802 838 842 se
855 791 955 845 ledere

113 885 203 925 coram
230 873 285 925 ileo
311 884 432 937 semper,
461 885 514 926 non
536 874 622 927 solum
640 885 717 938 quem
735 874 798 927 vilis
816 879 872 937 est,
893 876 954 929 ‘sed

114 960 195 1011 etiam
215 969 296 1023 quarn
314 958 375 1011 uilis
392 970 450 1011 esse
467 963 570 1023 polest,
600 963 626 1012 et
643 960 787 1024 potuisset,
812 960 866 1011 nisi
884 962 954 1013 Deus

116 1045 245 1098 crusset:
266 1046 295 1097 et
311 1046 361 1097 lroc
378 1045 466 1099 anicrt
481 1048 619 1097 tumorem.
651 1047 683 1099 lli
699 1045 844 1109 quoducns
863 1045 955 1109 eriget

113 1131 247 1183 milonem
265 1129 299 1183 de
317 1130 436 1183 omnious
452 1131 530 1184 mulis
548 1130 711 1193 commissis,
735 1134 763 1184 el
780 1130 854 1183 bonis
873 1131 953 1185 omis·

111 1217 159 1280 sis,
178 1219 208 1269 ct
225 1216 321 1280 gratiis
337 1217 388 1270 sili
405 1219 433 1269 et
449 1216 617 1269 universitati
633 1218 770 1281 neglectis.
799 1218 852 1271 iloc
871 1217 954 1271 inicrt

109 1302 214 1365 insumo
231 1300 362 1355 timorem.
393 1304 458 1355 liern
477 1302 670 1355 omnebonum
688 1302 807 1366 accipere
825 1307 951 1369 nuquam

111 1388 192 1440 alico
210 1385 308 1439 dante:
327 1389 354 1439 et
370 1389 421 1440 lroc
437 1388 555 1441 excindit
570 1388 668 1441 nisum
681 1398 806 1451 amorem,
826 1392 853 1442 et
871 1389 953 1441 insert

110 1472 318 1537 gratitudinem:
351 1478 378 1525 et
403 1483 481 1525 omne
506 1473 605 1524 malurn
617 1502 642 1535 ,e
656 1476 779 1537 mnpusrn
797 1486 813 1525 s
830 1474 883 1526 lieo
902 1484 952 1538 pro

110 1557 204 1609 nostra
233 1556 353 1610 utilitate
380 1556 494 1621 benigne
522 1558 705 1621 permittente:
736 1562 764 1611 ei
791 1560 840 1611 nuc
869 1559 954 1613 iniert

109 1641 281 1706 pudendam.
310 1643 410 1705 Quanto
436 1644 521 1708 magis
547 1644 606 1708 puis
624 1644 652 1696 in
670 1644 713 1697 luis
730 1644 848 1709 proiicit,
876 1649 952 1698 tanto

110 1730 199 1793 magis
216 1729 246 1780 ln
264 1728 428 1792 spiritualem
446 1728 527 1782 vitem
544 1730 695 1795 inducitur,
716 1730 788 1784 etin
806 1742 837 1783 es
855 1730 954 1782 crescit

109 1826 139 1866 ec
155 1812 338 1867 ooniirnratur.

181 1895 209 1951 3.
229 1902 417 1963 Argumentum
429 1914 509 1955 verne
521 1902 591 1954 vitae
608 1900 750 1964 spiritualis
768 1899 856 1960 nebel,
876 1899 954 1963 onius

108 1984 223 2049 spiritus
250 1983 355 2047 penitus
382 1985 455 2038 cerui
472 1985 633 2039 dominatur:
666 1985 710 2051 qni
728 1989 781 2039 tem
800 1984 852 2037 cito
869 1984 955 2038 sentit

108 2068 309 2121 incommodum
326 2069 471 2133 spirituum,
491 2072 559 2126 sicul
578 2074 604 2123 et
621 2072 773 2135 corporale:
803 2074 830 2123 ct
847 2073 952 2123 tentum

106 2155 180 2209 mist
196 2156 304 2216 locum,
334 2158 457 2219 tempus,
488 2157 515 2207 et
532 2154 660 2218 nomines,
690 2154 745 2219 ubl,
776 2157 804 2208 et
820 2168 867 2219 per
885 2166 954 2219 quos

108 2239 185 2292 laedi
203 2240 293 2303 potest
310 2238 460 2304 inspiritu,
477 2240 547 2293 sicut
563 2239 610 2293 uti
628 2241 698 2293 laedi
715 2244 801 2305 potest
813 2244 840 2294 et
851 2240 952 2294 edendi

106 2326 136 2377 ln
167 2336 300 2389 corpore:
333 2330 360 2377 et
388 2326 433 2391 qui
463 2328 516 2378 tarn
543 2324 596 2377 cito
614 2324 702 2377 studet
718 2326 817 2379 mederi
835 2326 952 2389 spiritui,

106 2412 182 2463 sicul
198 2412 228 2461 ct
244 2410 336 2461 carni:
368 2413 396 2461 et
412 2414 485 2463 mulo
502 2411 586 2473 magis
605 2409 727 2475 spiritui,
760 2424 837 2477 qnam
864 2412 950 2476 cerni,

106 2498 213 2560 quanio
230 2495 335 2559 dignior
351 2501 393 2549 cst
408 2496 526 2561 spiritns,
547 2508 625 2560 quam
644 2506 746 2560 corpus.

180 2581 249 2633 Item
278 2584 461 2643 argumentum
490 2593 568 2635 verse
599 2581 668 2634 vitae
695 2581 840 2645 spiritualis
858 2582 949 2647 hebet,

107 2667 154 2731 uui
174 2668 278 2718 tentum
297 2665 443 2719 delectatur
469 2667 497 2719 in
519 2666 585 2721 cibis
602 2666 802 2733 spiritualibus,
833 2670 902 2722 sicut
920 2670 950 2723 in
1036 2728 1038 2735 ¹

107 2752 311 2817 corporalibus:
343 2756 372 2804 et
396 2758 450 2805 tem
480 2752 562 2806 inrito
591 2754 739 2817 negligeret
766 2754 853 2819 ulique
883 2756 950 2808 loru

107 2839 199 2891 clonns
217 2837 392 2901 spiritualem,
412 2839 483 2891 siout
500 2838 677 2901 corporalem:
705 2842 733 2891 ct
757 2844 810 2891 mm
828 2841 950 2894 ordinate

106 2924 192 2977 sumit
218 2924 308 2975 eibum
333 2924 506 2987 spiritualem,
526 2922 595 2975 sicut
613 2925 764 2976 cnrnslem:
796 2930 823 2977 et
846 2930 949 2979 tentum

108 3022 136 3063 se
157 3010 233 3073 cogit
249 3009 282 3061 ad
301 3010 374 3062 cibos
391 3005 560 3073 spirituales,
583 3020 642 3061 cnm
661 3022 715 3062 non
733 3011 852 3073 appetit,
880 3010 952 3064 sicut

108 3095 231 3149 intirmus
249 3095 352 3159 cogitur
369 3096 402 3147 ad
420 3096 493 3147 cibos
511 3096 673 3158 corporales,
694 3106 753 3146 cum
772 3104 817 3145 eos
834 3095 948 3147 iustidit:

180 3180 259 3235 iliud
289 3181 470 3245 argumentum
493 3179 565 3233 vitae
582 3178 726 3242 spiritualis
745 3178 801 3237 est,
829 3177 852 3226 si
870 3178 950 3229 nomo
