<?xml version="1.0" encoding="UTF-8"?>
<!DOCTYPE html PUBLIC "-//W3C//DTD XHTML 1.0 Transitional//EN"
    "http://www.w3.org/TR/xhtml1/DTD/xhtml1-transitional.dtd">
<html xmlns="http://www.w3.org/1999/xhtml" xml:lang="en" lang="en">
 <head>
  <title>
</title>
<meta http-equiv="Content-Type" content="text/html;charset=utf-8" />
  <meta name='ocr-system' content='tesseract 3.04.00' />
  <meta name='ocr-capabilities' content='ocr_page ocr_carea ocr_par ocr_line ocrx_word'/>
</head>
<body>
  <div class='ocr_page' id='page_1' title='image "./paradisusanimae00sailgoog_0159.png"; bbox 0 0 2384 3759; ppageno 0'>
   <div class='ocr_carea' id='block_1_1' title="bbox 542 369 595 425">
    <p class='ocr_par' dir='ltr' id='par_1_1' title="bbox 542 369 595 425">
     <span class='ocr_line' id='line_1_1' title="bbox 542 369 595 425; baseline 0.019 -1"><span class='ocrx_word' id='word_1_1' title='bbox 542 369 595 425; x_wconf 78' lang='lat' dir='ltr'>rab</span> 
     </span>
    </p>
   </div>
   <div class='ocr_carea' id='block_1_2' title="bbox 147 507 990 3249">
    <p class='ocr_par' dir='ltr' id='par_1_2' title="bbox 150 507 987 662">
     <span class='ocr_line' id='line_1_2' title="bbox 150 507 987 580; baseline -0.001 -14"><span class='ocrx_word' id='word_1_2' title='bbox 150 525 225 566; x_wconf 84' lang='lat' dir='ltr'>snam</span> <span class='ocrx_word' id='word_1_3' title='bbox 248 513 278 564; x_wconf 89' lang='lat' dir='ltr'>in</span> <span class='ocrx_word' id='word_1_4' title='bbox 304 511 511 576; x_wconf 71' lang='lat' dir='ltr'>redemptionem</span> <span class='ocrx_word' id='word_1_5' title='bbox 538 523 585 576; x_wconf 93' lang='lat' dir='ltr'>pro</span> <span class='ocrx_word' id='word_1_6' title='bbox 607 511 705 566; x_wconf 87' lang='lat' dir='ltr'>moltis.</span> <span class='ocrx_word' id='word_1_7' title='bbox 733 513 843 576; x_wconf 73' lang='lat' dir='ltr'>(Molli.</span> <span class='ocrx_word' id='word_1_8' title='bbox 863 509 912 576; x_wconf 78' lang='lat'>20,</span> <span class='ocrx_word' id='word_1_9' title='bbox 931 507 987 580; x_wconf 68' lang='lat'><strong>28.)</strong></span> 
     </span>
     <span class='ocr_line' id='line_1_3' title="bbox 152 591 398 662; baseline -0.02 -10"><span class='ocrx_word' id='word_1_10' title='bbox 152 600 190 652; x_wconf 85' lang='lat' dir='ltr'>ci.</span> <span class='ocrx_word' id='word_1_11' title='bbox 210 599 306 662; x_wconf 86' lang='lat' dir='ltr'>lipbes.</span> <span class='ocrx_word' id='word_1_12' title='bbox 325 591 353 659; x_wconf 80' lang='lat' dir='ltr'>b,</span> <span class='ocrx_word' id='word_1_13' title='bbox 371 594 398 648; x_wconf 75' lang='lat'>2.</span> 
     </span>
    </p>

    <p class='ocr_par' dir='ltr' id='par_1_3' title="bbox 148 683 990 2116">
     <span class='ocr_line' id='line_1_4' title="bbox 219 683 986 762; baseline 0.004 -26"><span class='ocrx_word' id='word_1_14' title='bbox 219 686 318 736; x_wconf 84' lang='lat' dir='ltr'>sextos</span> <span class='ocrx_word' id='word_1_15' title='bbox 335 683 432 746; x_wconf 74' lang='lat' dir='ltr'>grados</span> <span class='ocrx_word' id='word_1_16' title='bbox 449 686 490 736; x_wconf 88' lang='lat' dir='ltr'>est</span> <span class='ocrx_word' id='word_1_17' title='bbox 506 695 637 762; x_wconf 80' lang='lat' dir='ltr'>sommus,</span> <span class='ocrx_word' id='word_1_18' title='bbox 665 683 733 748; x_wconf 84' lang='lat' dir='ltr'>qnod</span> <span class='ocrx_word' id='word_1_19' title='bbox 751 683 913 739; x_wconf 73' lang='lat' dir='ltr'>dat‘bomini</span> <span class='ocrx_word' id='word_1_20' title='bbox 931 697 986 740; x_wconf 91' lang='lat' dir='ltr'>cor·</span> 
     </span>
     <span class='ocr_line' id='line_1_5' title="bbox 151 768 988 834; baseline 0.001 -12"><span class='ocrx_word' id='word_1_21' title='bbox 151 783 199 834; x_wconf 88' lang='lat' dir='ltr'>pos</span> <span class='ocrx_word' id='word_1_22' title='bbox 223 780 303 821; x_wconf 88' lang='lat' dir='ltr'>soom</span> <span class='ocrx_word' id='word_1_23' title='bbox 322 769 350 820; x_wconf 96' lang='lat' dir='ltr'>tn</span> <span class='ocrx_word' id='word_1_24' title='bbox 368 769 466 822; x_wconf 84' lang='lat' dir='ltr'>cibam:</span> <span class='ocrx_word' id='word_1_25' title='bbox 500 769 553 833; x_wconf 74' lang='lat' dir='ltr'>rgo</span> <span class='ocrx_word' id='word_1_26' title='bbox 579 768 655 834; x_wconf 80' lang='lat' dir='ltr'>quasi</span> <span class='ocrx_word' id='word_1_27' title='bbox 677 768 804 821; x_wconf 88' lang='lat' dir='ltr'>nutricios</span> <span class='ocrx_word' id='word_1_28' title='bbox 822 771 942 834; x_wconf 85' lang='lat' dir='ltr'>Ephraim</span> <span class='ocrx_word' id='word_1_29' title='bbox 961 775 988 824; x_wconf 88' lang='lat' dir='ltr'>ei</span> 
     </span>
     <span class='ocr_line' id='line_1_6' title="bbox 150 853 987 918; baseline 0.001 -10"><span class='ocrx_word' id='word_1_30' title='bbox 150 856 284 910; x_wconf 74' lang='lat' dir='ltr'>declinavi</span> <span class='ocrx_word' id='word_1_31' title='bbox 301 854 337 906; x_wconf 91' lang='lat' dir='ltr'>ad</span> <span class='ocrx_word' id='word_1_32' title='bbox 354 867 424 916; x_wconf 88' lang='lat' dir='ltr'>enm,</span> <span class='ocrx_word' id='word_1_33' title='bbox 452 858 483 907; x_wconf 89' lang='lat' dir='ltr'>nt</span> <span class='ocrx_word' id='word_1_34' title='bbox 500 860 659 908; x_wconf 77' lang='lat' dir='ltr'>vesceretur.</span> <span class='ocrx_word' id='word_1_35' title='bbox 680 855 751 918; x_wconf 82' lang='lat' dir='ltr'>(doe.</span> <span class='ocrx_word' id='word_1_36' title='bbox 771 853 815 918; x_wconf 90' lang='lat'>11,</span> <span class='ocrx_word' id='word_1_37' title='bbox 834 853 874 918; x_wconf 88' lang='grc'>3.)</span> <span class='ocrx_word' id='word_1_38' title='bbox 909 857 987 910; x_wconf 85' lang='lat' dir='ltr'>Panis</span> 
     </span>
     <span class='ocr_line' id='line_1_7' title="bbox 149 937 986 1008; baseline 0.001 -13"><span class='ocrx_word' id='word_1_39' title='bbox 149 955 228 1008; x_wconf 80' lang='lat' dir='ltr'>onem</span> <span class='ocrx_word' id='word_1_40' title='bbox 248 952 299 1006; x_wconf 67' lang='lat' dir='ltr'>ego</span> <span class='ocrx_word' id='word_1_41' title='bbox 317 941 393 992; x_wconf 90' lang='lat' dir='ltr'>dabo.</span> <span class='ocrx_word' id='word_1_42' title='bbox 413 942 514 1001; x_wconf 79' lang='lat' dir='ltr'>(loon.</span> <span class='ocrx_word' id='word_1_43' title='bbox 528 937 555 1003; x_wconf 88' lang='grc'>6,</span> <span class='ocrx_word' id='word_1_44' title='bbox 569 937 628 1002; x_wconf 80' lang='grc'>52.)</span> <span class='ocrx_word' id='word_1_45' title='bbox 656 941 766 1004; x_wconf 80' lang='lat' dir='ltr'>drogon:</span> <span class='ocrx_word' id='word_1_46' title='bbox 785 941 871 994; x_wconf 88' lang='lat' dir='ltr'>Bonos</span> <span class='ocrx_word' id='word_1_47' title='bbox 889 945 986 1007; x_wconf 86' lang='lat' dir='ltr'>pastor,</span> 
     </span>
     <span class='ocr_line' id='line_1_8' title="bbox 150 1025 987 1089; baseline -0.002 -7"><span class='ocrx_word' id='word_1_48' title='bbox 150 1029 286 1089; x_wconf 83' lang='lat' dir='ltr'>boninus,</span> <span class='ocrx_word' id='word_1_49' title='bbox 308 1028 422 1079; x_wconf 89' lang='lat' dir='ltr'>animam</span> <span class='ocrx_word' id='word_1_50' title='bbox 440 1039 488 1089; x_wconf 86' lang='lat' dir='ltr'>pro</span> <span class='ocrx_word' id='word_1_51' title='bbox 507 1027 601 1080; x_wconf 86' lang='lat' dir='ltr'>ovibus</span> <span class='ocrx_word' id='word_1_52' title='bbox 619 1025 715 1089; x_wconf 77' lang='lat' dir='ltr'><strong>posuit,</strong></span> <span class='ocrx_word' id='word_1_53' title='bbox 735 1031 764 1078; x_wconf 89' lang='lat' dir='ltr'>ut</span> <span class='ocrx_word' id='word_1_54' title='bbox 780 1027 807 1079; x_wconf 90' lang='lat' dir='ltr'>in</span> <span class='ocrx_word' id='word_1_55' title='bbox 825 1031 987 1080; x_wconf 85' lang='lat' dir='ltr'>sacramento</span> 
     </span>
     <span class='ocr_line' id='line_1_9' title="bbox 150 1113 986 1176; baseline -0.002 -8"><span class='ocrx_word' id='word_1_56' title='bbox 150 1120 242 1168; x_wconf 87' lang='lat' dir='ltr'>nostro</span> <span class='ocrx_word' id='word_1_57' title='bbox 272 1125 367 1176; x_wconf 80' lang='lat' dir='ltr'>eorpus</span> <span class='ocrx_word' id='word_1_58' title='bbox 385 1123 462 1164; x_wconf 86' lang='lat' dir='ltr'>sunm</span> <span class='ocrx_word' id='word_1_59' title='bbox 493 1117 520 1166; x_wconf 89' lang='lat' dir='ltr'>et</span> <span class='ocrx_word' id='word_1_60' title='bbox 550 1113 706 1174; x_wconf 74' lang='lat' dir='ltr'>sangninem</span> <span class='ocrx_word' id='word_1_61' title='bbox 730 1115 844 1166; x_wconf 85' lang='lat' dir='ltr'>verterat</span> <span class='ocrx_word' id='word_1_62' title='bbox 873 1117 899 1166; x_wconf 88' lang='lat' dir='ltr'>et</span> <span class='ocrx_word' id='word_1_63' title='bbox 915 1127 986 1176; x_wconf 79' lang='lat' dir='ltr'>ores,</span> 
     </span>
     <span class='ocr_line' id='line_1_10' title="bbox 149 1198 987 1264; baseline -0.002 -10"><span class='ocrx_word' id='word_1_64' title='bbox 149 1214 214 1264; x_wconf 84' lang='lat' dir='ltr'>onas</span> <span class='ocrx_word' id='word_1_65' title='bbox 233 1200 393 1263; x_wconf 72' lang='lat' dir='ltr'>redemerat,</span> <span class='ocrx_word' id='word_1_66' title='bbox 420 1199 508 1252; x_wconf 85' lang='lat' dir='ltr'>camis</span> <span class='ocrx_word' id='word_1_67' title='bbox 525 1210 590 1250; x_wconf 87' lang='lat' dir='ltr'>snae</span> <span class='ocrx_word' id='word_1_68' title='bbox 617 1198 741 1252; x_wconf 85' lang='lat' dir='ltr'>alimento</span> <span class='ocrx_word' id='word_1_69' title='bbox 759 1199 875 1252; x_wconf 87' lang='lat' dir='ltr'>satiaret.</span> <span class='ocrx_word' id='word_1_70' title='bbox 911 1200 943 1253; x_wconf 82' lang='lat' dir='ltr'>lit</span> <span class='ocrx_word' id='word_1_71' title='bbox 960 1199 987 1252; x_wconf 91' lang='lat' dir='ltr'>in</span> 
     </span>
     <span class='ocr_line' id='line_1_11' title="bbox 149 1283 986 1351; baseline -0.001 -12"><span class='ocrx_word' id='word_1_72' title='bbox 149 1289 200 1339; x_wconf 88' lang='lat' dir='ltr'>boc</span> <span class='ocrx_word' id='word_1_73' title='bbox 218 1292 261 1338; x_wconf 88' lang='lat' dir='ltr'>est</span> <span class='ocrx_word' id='word_1_74' title='bbox 273 1285 408 1349; x_wconf 71' lang='lat' dir='ltr'>expressio</span> <span class='ocrx_word' id='word_1_75' title='bbox 420 1296 537 1338; x_wconf 86' lang='lat' dir='ltr'>sommae</span> <span class='ocrx_word' id='word_1_76' title='bbox 549 1283 681 1347; x_wconf 78' lang='lat' dir='ltr'>largitatis</span> <span class='ocrx_word' id='word_1_77' title='bbox 698 1288 724 1338; x_wconf 88' lang='lat' dir='ltr'>et</span> <span class='ocrx_word' id='word_1_78' title='bbox 736 1285 868 1351; x_wconf 83' lang='lat' dir='ltr'>praecipui</span> <span class='ocrx_word' id='word_1_79' title='bbox 882 1287 986 1338; x_wconf 88' lang='lat' dir='ltr'>amoris.</span> 
     </span>
     <span class='ocr_line' id='line_1_12' title="bbox 149 1371 990 1436; baseline 0.001 -10"><span class='ocrx_word' id='word_1_80' title='bbox 149 1375 276 1436; x_wconf 73' lang='lat' dir='ltr'>liagnom</span> <span class='ocrx_word' id='word_1_81' title='bbox 290 1372 423 1424; x_wconf 85' lang='lat' dir='ltr'>ostentm:</span> <span class='ocrx_word' id='word_1_82' title='bbox 444 1372 509 1423; x_wconf 88' lang='lat' dir='ltr'>dare</span> <span class='ocrx_word' id='word_1_83' title='bbox 526 1383 556 1424; x_wconf 89' lang='lat' dir='ltr'>se</span> <span class='ocrx_word' id='word_1_84' title='bbox 573 1372 602 1422; x_wconf 89' lang='lat' dir='ltr'>in</span> <span class='ocrx_word' id='word_1_85' title='bbox 620 1371 718 1424; x_wconf 89' lang='lat' dir='ltr'>socium</span> <span class='ocrx_word' id='word_1_86' title='bbox 728 1373 944 1436; x_wconf 77' lang='lat' dir='ltr'>peregrinationis</span> <span class='ocrx_word' id='word_1_87' title='bbox 962 1378 990 1427; x_wconf 87' lang='lat' dir='ltr'>et</span> 
     </span>
     <span class='ocr_line' id='line_1_13' title="bbox 148 1457 988 1525; baseline 0 -13"><span class='ocrx_word' id='word_1_88' title='bbox 148 1461 176 1512; x_wconf 93' lang='lat' dir='ltr'>in</span> <span class='ocrx_word' id='word_1_89' title='bbox 188 1471 298 1512; x_wconf 78' lang='lat' dir='ltr'>servom</span> <span class='ocrx_word' id='word_1_90' title='bbox 310 1458 483 1520; x_wconf 69' lang='lat' dir='ltr'>necessitatis,</span> <span class='ocrx_word' id='word_1_91' title='bbox 500 1457 598 1521; x_wconf 80' lang='lat' dir='ltr'>mains:</span> <span class='ocrx_word' id='word_1_92' title='bbox 620 1457 646 1510; x_wconf 94' lang='lat' dir='ltr'>in</span> <span class='ocrx_word' id='word_1_93' title='bbox 658 1458 773 1521; x_wconf 89' lang='lat' dir='ltr'>prelium</span> <span class='ocrx_word' id='word_1_94' title='bbox 785 1459 988 1525; x_wconf 88' lang='lat' dir='ltr'>redemptionis;</span> 
     </span>
     <span class='ocr_line' id='line_1_14' title="bbox 149 1543 989 1610; baseline -0.001 -11"><span class='ocrx_word' id='word_1_95' title='bbox 149 1552 241 1599; x_wconf 89' lang='lat' dir='ltr'>tamen</span> <span class='ocrx_word' id='word_1_96' title='bbox 261 1545 316 1597; x_wconf 90' lang='lat' dir='ltr'>tale</span> <span class='ocrx_word' id='word_1_97' title='bbox 333 1543 432 1597; x_wconf 88' lang='lat' dir='ltr'>donum</span> <span class='ocrx_word' id='word_1_98' title='bbox 450 1544 536 1597; x_wconf 85' lang='lat' dir='ltr'>adiinc</span> <span class='ocrx_word' id='word_1_99' title='bbox 553 1547 594 1597; x_wconf 88' lang='lat' dir='ltr'>est</span> <span class='ocrx_word' id='word_1_100' title='bbox 621 1545 649 1596; x_wconf 89' lang='lat' dir='ltr'>in</span> <span class='ocrx_word' id='word_1_101' title='bbox 667 1545 755 1610; x_wconf 84' lang='lat' dir='ltr'>aliqua</span> <span class='ocrx_word' id='word_1_102' title='bbox 773 1547 936 1610; x_wconf 79' lang='lat' dir='ltr'>separatione</span> <span class='ocrx_word' id='word_1_103' title='bbox 955 1545 989 1598; x_wconf 89' lang='lat' dir='ltr'>ab</span> 
     </span>
     <span class='ocr_line' id='line_1_15' title="bbox 149 1631 988 1694; baseline -0.001 -10"><span class='ocrx_word' id='word_1_104' title='bbox 149 1645 182 1685; x_wconf 89' lang='lat' dir='ltr'>eo</span> <span class='ocrx_word' id='word_1_105' title='bbox 201 1633 247 1684; x_wconf 92' lang='lat' dir='ltr'>cni</span> <span class='ocrx_word' id='word_1_106' title='bbox 266 1631 356 1692; x_wconf 68' lang='lat' dir='ltr'>daton</span> <span class='ocrx_word' id='word_1_107' title='bbox 385 1631 510 1684; x_wconf 84' lang='lat' dir='ltr'>sedeam</span> <span class='ocrx_word' id='word_1_108' title='bbox 530 1631 652 1685; x_wconf 89' lang='lat' dir='ltr'>daturin</span> <span class='ocrx_word' id='word_1_109' title='bbox 671 1631 770 1694; x_wconf 87' lang='lat' dir='ltr'>eibum,</span> <span class='ocrx_word' id='word_1_110' title='bbox 791 1633 867 1685; x_wconf 84' lang='lat' dir='ltr'>datur</span> <span class='ocrx_word' id='word_1_111' title='bbox 883 1645 937 1684; x_wconf 90' lang='lat' dir='ltr'>non</span> <span class='ocrx_word' id='word_1_112' title='bbox 955 1632 988 1684; x_wconf 92' lang='lat' dir='ltr'>ad</span> 
     </span>
     <span class='ocr_line' id='line_1_16' title="bbox 148 1717 985 1782; baseline -0.001 -12"><span class='ocrx_word' id='word_1_113' title='bbox 148 1717 346 1782; x_wconf 82' lang='lat' dir='ltr'>separationem</span> <span class='ocrx_word' id='word_1_114' title='bbox 376 1718 507 1781; x_wconf 80' lang='lat' dir='ltr'>aliquam,</span> <span class='ocrx_word' id='word_1_115' title='bbox 536 1719 583 1770; x_wconf 87' lang='lat' dir='ltr'>sed</span> <span class='ocrx_word' id='word_1_116' title='bbox 615 1718 648 1770; x_wconf 91' lang='lat' dir='ltr'>ad</span> <span class='ocrx_word' id='word_1_117' title='bbox 666 1717 841 1770; x_wconf 86' lang='lat' dir='ltr'>omnimodam</span> <span class='ocrx_word' id='word_1_118' title='bbox 853 1718 985 1769; x_wconf 87' lang='lat' dir='ltr'>unionem.</span> 
     </span>
     <span class='ocr_line' id='line_1_17' title="bbox 149 1802 987 1882; baseline -0.002 -25"><span class='ocrx_word' id='word_1_119' title='bbox 149 1805 285 1857; x_wconf 80' lang='lat' dir='ltr'>liniuntur</span> <span class='ocrx_word' id='word_1_120' title='bbox 311 1802 381 1854; x_wconf 87' lang='lat' dir='ltr'>enim</span> <span class='ocrx_word' id='word_1_121' title='bbox 410 1804 438 1855; x_wconf 92' lang='lat' dir='ltr'>in</span> <span class='ocrx_word' id='word_1_122' title='bbox 464 1805 567 1857; x_wconf 85' lang='lat' dir='ltr'>onitate</span> <span class='ocrx_word' id='word_1_123' title='bbox 585 1805 701 1867; x_wconf 86' lang='lat' dir='ltr'>corporis</span> <span class='ocrx_word' id='word_1_124' title='bbox 728 1803 803 1882; x_wconf 73' lang='lat' dir='ltr'>cibos</span> <span class='ocrx_word' id='word_1_125' title='bbox 823 1807 849 1854; x_wconf 88' lang='lat' dir='ltr'>et</span> <span class='ocrx_word' id='word_1_126' title='bbox 866 1815 987 1855; x_wconf 82' lang='lat' dir='ltr'>sonions:</span> 
     </span>
     <span class='ocr_line' id='line_1_18' title="bbox 149 1889 986 1954; baseline -0.001 -11"><span class='ocrx_word' id='word_1_127' title='bbox 149 1892 197 1954; x_wconf 73' lang='lat' dir='ltr'>oni</span> <span class='ocrx_word' id='word_1_128' title='bbox 225 1890 369 1943; x_wconf 83' lang='lat' dir='ltr'>manducat</span> <span class='ocrx_word' id='word_1_129' title='bbox 393 1901 480 1942; x_wconf 86' lang='lat' dir='ltr'>meam</span> <span class='ocrx_word' id='word_1_130' title='bbox 507 1901 612 1942; x_wconf 86' lang='lat' dir='ltr'>carnem</span> <span class='ocrx_word' id='word_1_131' title='bbox 639 1889 666 1941; x_wconf 91' lang='lat' dir='ltr'>in</span> <span class='ocrx_word' id='word_1_132' title='bbox 692 1901 733 1940; x_wconf 86' lang='lat' dir='ltr'>me</span> <span class='ocrx_word' id='word_1_133' title='bbox 757 1892 853 1940; x_wconf 87' lang='lat' dir='ltr'>manet.</span> <span class='ocrx_word' id='word_1_134' title='bbox 886 1889 986 1949; x_wconf 79' lang='lat' dir='ltr'>(loon.</span> 
     </span>
     <span class='ocr_line' id='line_1_19' title="bbox 149 1972 988 2040; baseline 0 -11"><span class='ocrx_word' id='word_1_135' title='bbox 149 1976 175 2040; x_wconf 82' lang='lat' dir='ltr'>o,</span> <span class='ocrx_word' id='word_1_136' title='bbox 194 1972 256 2040; x_wconf 78' lang='lat' dir='ltr'>bl.)</span> <span class='ocrx_word' id='word_1_137' title='bbox 291 1977 323 2028; x_wconf 88' lang='lat' dir='ltr'>lit</span> <span class='ocrx_word' id='word_1_138' title='bbox 347 1976 386 2028; x_wconf 89' lang='lat' dir='ltr'>sic</span> <span class='ocrx_word' id='word_1_139' title='bbox 404 1979 516 2040; x_wconf 83' lang='lat' dir='ltr'>apparet</span> <span class='ocrx_word' id='word_1_140' title='bbox 541 1975 568 2027; x_wconf 92' lang='lat' dir='ltr'>in</span> <span class='ocrx_word' id='word_1_141' title='bbox 599 1975 647 2029; x_wconf 90' lang='lat' dir='ltr'>tali</span> <span class='ocrx_word' id='word_1_142' title='bbox 671 1976 739 2029; x_wconf 91' lang='lat' dir='ltr'>dono</span> <span class='ocrx_word' id='word_1_143' title='bbox 757 1987 858 2029; x_wconf 88' lang='lat' dir='ltr'>somma</span> <span class='ocrx_word' id='word_1_144' title='bbox 879 1977 988 2040; x_wconf 77' lang='lat' dir='ltr'>largitas</span> 
     </span>
     <span class='ocr_line' id='line_1_20' title="bbox 149 2060 410 2116; baseline -0.011 -2"><span class='ocrx_word' id='word_1_145' title='bbox 149 2063 261 2116; x_wconf 78' lang='lat' dir='ltr'>divinae</span> <span class='ocrx_word' id='word_1_146' title='bbox 278 2060 410 2114; x_wconf 88' lang='lat' dir='ltr'>bonitatis.</span> 
     </span>
    </p>

    <p class='ocr_par' dir='ltr' id='par_1_4' title="bbox 147 2147 990 3249">
     <span class='ocr_line' id='line_1_21' title="bbox 219 2147 989 2212; baseline 0.005 -11"><span class='ocrx_word' id='word_1_147' title='bbox 219 2147 344 2201; x_wconf 86' lang='lat' dir='ltr'>secondo</span> <span class='ocrx_word' id='word_1_148' title='bbox 361 2147 489 2212; x_wconf 85' lang='lat' dir='ltr'>probatur</span> <span class='ocrx_word' id='word_1_149' title='bbox 505 2151 638 2202; x_wconf 81' lang='lat' dir='ltr'>excellens</span> <span class='ocrx_word' id='word_1_150' title='bbox 667 2151 812 2204; x_wconf 76' lang='lat' dir='ltr'>liberalitas</span> <span class='ocrx_word' id='word_1_151' title='bbox 830 2151 876 2204; x_wconf 87' lang='lat' dir='ltr'>bei</span> <span class='ocrx_word' id='word_1_152' title='bbox 895 2153 921 2203; x_wconf 92' lang='lat' dir='ltr'>in</span> <span class='ocrx_word' id='word_1_153' title='bbox 939 2153 989 2205; x_wconf 88' lang='lat' dir='ltr'>boc</span> 
     </span>
     <span class='ocr_line' id='line_1_22' title="bbox 149 2233 988 2302; baseline 0.002 -14"><span class='ocrx_word' id='word_1_154' title='bbox 149 2237 231 2298; x_wconf 86' lang='lat' dir='ltr'>iacto,</span> <span class='ocrx_word' id='word_1_155' title='bbox 252 2238 378 2298; x_wconf 77' lang='lat' dir='ltr'>qusniam</span> <span class='ocrx_word' id='word_1_156' title='bbox 401 2233 434 2286; x_wconf 87' lang='lat' dir='ltr'>ad</span> <span class='ocrx_word' id='word_1_157' title='bbox 453 2233 617 2286; x_wconf 83' lang='lat' dir='ltr'>nobilitatem</span> <span class='ocrx_word' id='word_1_158' title='bbox 635 2236 730 2298; x_wconf 86' lang='lat' dir='ltr'>dantis,</span> <span class='ocrx_word' id='word_1_159' title='bbox 762 2249 828 2302; x_wconf 84' lang='lat' dir='ltr'>qnae</span> <span class='ocrx_word' id='word_1_160' title='bbox 858 2239 912 2290; x_wconf 88' lang='lat' dir='ltr'>tam</span> <span class='ocrx_word' id='word_1_161' title='bbox 943 2251 988 2290; x_wconf 87' lang='lat' dir='ltr'>ex·</span> 
     </span>
     <span class='ocr_line' id='line_1_23' title="bbox 148 2319 988 2388; baseline 0.004 -15"><span class='ocrx_word' id='word_1_162' title='bbox 148 2322 253 2373; x_wconf 89' lang='lat' dir='ltr'>cellens</span> <span class='ocrx_word' id='word_1_163' title='bbox 271 2324 312 2371; x_wconf 89' lang='lat' dir='ltr'>est</span> <span class='ocrx_word' id='word_1_164' title='bbox 329 2320 357 2370; x_wconf 92' lang='lat' dir='ltr'>in</span> <span class='ocrx_word' id='word_1_165' title='bbox 373 2319 424 2372; x_wconf 89' lang='lat' dir='ltr'>boc</span> <span class='ocrx_word' id='word_1_166' title='bbox 440 2323 614 2385; x_wconf 85' lang='lat' dir='ltr'>sacramento,</span> <span class='ocrx_word' id='word_1_167' title='bbox 635 2324 664 2372; x_wconf 90' lang='lat' dir='ltr'>ut</span> <span class='ocrx_word' id='word_1_168' title='bbox 682 2333 778 2386; x_wconf 87' lang='lat' dir='ltr'>corpus</span> <span class='ocrx_word' id='word_1_169' title='bbox 798 2335 873 2376; x_wconf 83' lang='lat' dir='ltr'>sunni</span> <span class='ocrx_word' id='word_1_170' title='bbox 893 2323 988 2388; x_wconf 81' lang='lat' dir='ltr'>largia-</span> 
     </span>
     <span class='ocr_line' id='line_1_24' title="bbox 150 2406 988 2474; baseline 0.001 -13"><span class='ocrx_word' id='word_1_171' title='bbox 150 2412 195 2461; x_wconf 92' lang='lat' dir='ltr'>tnr</span> <span class='ocrx_word' id='word_1_172' title='bbox 213 2408 290 2471; x_wconf 71' lang='lat' dir='ltr'>large</span> <span class='ocrx_word' id='word_1_173' title='bbox 307 2411 335 2458; x_wconf 91' lang='lat' dir='ltr'>et</span> <span class='ocrx_word' id='word_1_174' title='bbox 351 2406 456 2470; x_wconf 85' lang='lat' dir='ltr'>ditlnse,</span> <span class='ocrx_word' id='word_1_175' title='bbox 485 2407 545 2470; x_wconf 80' lang='lat' dir='ltr'>onia</span> <span class='ocrx_word' id='word_1_176' title='bbox 571 2419 625 2459; x_wconf 92' lang='lat' dir='ltr'>non</span> <span class='ocrx_word' id='word_1_177' title='bbox 642 2407 726 2460; x_wconf 89' lang='lat' dir='ltr'>solnm</span> <span class='ocrx_word' id='word_1_178' title='bbox 746 2408 792 2460; x_wconf 90' lang='lat' dir='ltr'>dat</span> <span class='ocrx_word' id='word_1_179' title='bbox 818 2409 883 2462; x_wconf 91' lang='lat' dir='ltr'>illud</span> <span class='ocrx_word' id='word_1_180' title='bbox 902 2409 988 2474; x_wconf 81' lang='lat' dir='ltr'>dignis</span> 
     </span>
     <span class='ocr_line' id='line_1_25' title="bbox 148 2493 988 2558; baseline 0 -10"><span class='ocrx_word' id='word_1_181' title='bbox 148 2493 297 2555; x_wconf 69' lang='lat' dir='ltr'>tetanicis,</span> <span class='ocrx_word' id='word_1_182' title='bbox 316 2493 363 2544; x_wconf 91' lang='lat' dir='ltr'>sed</span> <span class='ocrx_word' id='word_1_183' title='bbox 380 2506 434 2546; x_wconf 94' lang='lat' dir='ltr'>non</span> <span class='ocrx_word' id='word_1_184' title='bbox 451 2493 582 2546; x_wconf 82' lang='lat' dir='ltr'>subtrabit</span> <span class='ocrx_word' id='word_1_185' title='bbox 599 2493 723 2558; x_wconf 76' lang='lat' dir='ltr'>indignis,</span> <span class='ocrx_word' id='word_1_186' title='bbox 743 2493 868 2558; x_wconf 75' lang='lat' dir='ltr'>malignis</span> <span class='ocrx_word' id='word_1_187' title='bbox 893 2498 920 2548; x_wconf 88' lang='lat' dir='ltr'>et</span> <span class='ocrx_word' id='word_1_188' title='bbox 937 2495 988 2548; x_wconf 92' lang='lat' dir='ltr'>ini·</span> 
     </span>
     <span class='ocr_line' id='line_1_26' title="bbox 149 2580 985 2647; baseline 0.005 -16"><span class='ocrx_word' id='word_1_189' title='bbox 149 2581 243 2632; x_wconf 87' lang='lat' dir='ltr'>micis:</span> <span class='ocrx_word' id='word_1_190' title='bbox 262 2581 438 2642; x_wconf 71' lang='lat' dir='ltr'>appropriant</span> <span class='ocrx_word' id='word_1_191' title='bbox 453 2591 533 2643; x_wconf 88' lang='lat' dir='ltr'>snper</span> <span class='ocrx_word' id='word_1_192' title='bbox 549 2592 592 2632; x_wconf 89' lang='lat' dir='ltr'>me</span> <span class='ocrx_word' id='word_1_193' title='bbox 610 2584 750 2642; x_wconf 86' lang='lat' dir='ltr'>nocentes,</span> <span class='ocrx_word' id='word_1_194' title='bbox 768 2585 799 2634; x_wconf 89' lang='lat' dir='ltr'>nt</span> <span class='ocrx_word' id='word_1_195' title='bbox 817 2583 906 2636; x_wconf 87' lang='lat' dir='ltr'>edant.</span> <span class='ocrx_word' id='word_1_196' title='bbox 929 2580 985 2647; x_wconf 81' lang='lat' dir='ltr'>(l&#39;s.</span> 
     </span>
     <span class='ocr_line' id='line_1_27' title="bbox 147 2663 988 2733; baseline 0.002 -15"><span class='ocrx_word' id='word_1_197' title='bbox 147 2663 193 2728; x_wconf 77' lang='lat'>26,</span> <span class='ocrx_word' id='word_1_198' title='bbox 213 2665 256 2725; x_wconf 81' lang='lat'>2.)</span> <span class='ocrx_word' id='word_1_199' title='bbox 292 2666 339 2728; x_wconf 76' lang='lat' dir='ltr'>dni</span> <span class='ocrx_word' id='word_1_200' title='bbox 366 2667 436 2718; x_wconf 91' lang='lat' dir='ltr'>enim</span> <span class='ocrx_word' id='word_1_201' title='bbox 466 2679 495 2718; x_wconf 90' lang='lat' dir='ltr'>se</span> <span class='ocrx_word' id='word_1_202' title='bbox 522 2667 642 2730; x_wconf 87' lang='lat' dir='ltr'>permisit</span> <span class='ocrx_word' id='word_1_203' title='bbox 669 2667 790 2720; x_wconf 88' lang='lat' dir='ltr'>manibus</span> <span class='ocrx_word' id='word_1_204' title='bbox 814 2669 988 2733; x_wconf 75' lang='lat' dir='ltr'>malignorum</span> 
     </span>
     <span class='ocr_line' id='line_1_28' title="bbox 149 2751 988 2817; baseline 0.002 -13"><span class='ocrx_word' id='word_1_205' title='bbox 149 2754 237 2804; x_wconf 85' lang='lat' dir='ltr'>semel</span> <span class='ocrx_word' id='word_1_206' title='bbox 256 2751 381 2817; x_wconf 77' lang='lat' dir='ltr'>cruciligi,</span> <span class='ocrx_word' id='word_1_207' title='bbox 400 2753 530 2816; x_wconf 87' lang='lat' dir='ltr'>permittit</span> <span class='ocrx_word' id='word_1_208' title='bbox 546 2766 575 2805; x_wconf 92' lang='lat' dir='ltr'>se</span> <span class='ocrx_word' id='word_1_209' title='bbox 592 2755 778 2808; x_wconf 87' lang='lat' dir='ltr'>sceleratorum</span> <span class='ocrx_word' id='word_1_210' title='bbox 797 2755 919 2807; x_wconf 86' lang='lat' dir='ltr'>manibus</span> <span class='ocrx_word' id='word_1_211' title='bbox 936 2759 988 2806; x_wconf 89' lang='lat' dir='ltr'>ira·</span> 
     </span>
     <span class='ocr_line' id='line_1_29' title="bbox 149 2839 988 2894; baseline 0.001 -3"><span class='ocrx_word' id='word_1_212' title='bbox 149 2839 218 2891; x_wconf 88' lang='lat' dir='ltr'>ciart</span> <span class='ocrx_word' id='word_1_213' title='bbox 237 2843 264 2890; x_wconf 88' lang='lat' dir='ltr'>et</span> <span class='ocrx_word' id='word_1_214' title='bbox 282 2839 448 2891; x_wconf 84' lang='lat' dir='ltr'>inimicorum</span> <span class='ocrx_word' id='word_1_215' title='bbox 461 2842 489 2891; x_wconf 89' lang='lat' dir='ltr'>et</span> <span class='ocrx_word' id='word_1_216' title='bbox 504 2839 697 2894; x_wconf 85' lang='lat' dir='ltr'>immundorum</span> <span class='ocrx_word' id='word_1_217' title='bbox 715 2841 837 2894; x_wconf 83' lang='lat' dir='ltr'>dentibus</span> <span class='ocrx_word' id='word_1_218' title='bbox 854 2842 883 2892; x_wconf 87' lang='lat' dir='ltr'>lo</span> <span class='ocrx_word' id='word_1_219' title='bbox 901 2851 988 2893; x_wconf 87' lang='lat' dir='ltr'>saera·</span> 
     </span>
     <span class='ocr_line' id='line_1_30' title="bbox 149 2924 989 2980; baseline 0 -2"><span class='ocrx_word' id='word_1_220' title='bbox 149 2928 243 2978; x_wconf 90' lang='lat' dir='ltr'>mento</span> <span class='ocrx_word' id='word_1_221' title='bbox 270 2925 388 2977; x_wconf 88' lang='lat' dir='ltr'>lacerari.</span> <span class='ocrx_word' id='word_1_222' title='bbox 425 2924 491 2977; x_wconf 84' lang='lat' dir='ltr'>ilinc</span> <span class='ocrx_word' id='word_1_223' title='bbox 518 2927 585 2978; x_wconf 87' lang='lat' dir='ltr'>bostl</span> <span class='ocrx_word' id='word_1_224' title='bbox 605 2930 631 2978; x_wconf 88' lang='lat' dir='ltr'>ot</span> <span class='ocrx_word' id='word_1_225' title='bbox 649 2927 768 2980; x_wconf 88' lang='lat' dir='ltr'>traditori</span> <span class='ocrx_word' id='word_1_226' title='bbox 790 2937 837 2978; x_wconf 90' lang='lat' dir='ltr'>sno</span> <span class='ocrx_word' id='word_1_227' title='bbox 859 2926 943 2978; x_wconf 89' lang='lat' dir='ltr'>iudae</span> <span class='ocrx_word' id='word_1_228' title='bbox 961 2926 989 2978; x_wconf 89' lang='lat' dir='ltr'>in</span> 
     </span>
     <span class='ocr_line' id='line_1_31' title="bbox 150 3009 988 3076; baseline 0 -12"><span class='ocrx_word' id='word_1_229' title='bbox 150 3024 238 3065; x_wconf 89' lang='lat' dir='ltr'>coena</span> <span class='ocrx_word' id='word_1_230' title='bbox 265 3022 325 3063; x_wconf 90' lang='lat' dir='ltr'>cnm</span> <span class='ocrx_word' id='word_1_231' title='bbox 344 3011 403 3062; x_wconf 85' lang='lat' dir='ltr'>aliis</span> <span class='ocrx_word' id='word_1_232' title='bbox 421 3009 517 3064; x_wconf 88' lang='lat' dir='ltr'>dicitnr</span> <span class='ocrx_word' id='word_1_233' title='bbox 533 3023 627 3076; x_wconf 85' lang='lat' dir='ltr'>corpas</span> <span class='ocrx_word' id='word_1_234' title='bbox 645 3025 721 3066; x_wconf 87' lang='lat' dir='ltr'>soum</span> <span class='ocrx_word' id='word_1_235' title='bbox 740 3012 851 3066; x_wconf 88' lang='lat' dir='ltr'>dedisse.</span> <span class='ocrx_word' id='word_1_236' title='bbox 889 3011 988 3064; x_wconf 80' lang='lat' dir='ltr'>Verita-</span> 
     </span>
     <span class='ocr_line' id='line_1_32' title="bbox 150 3095 990 3162; baseline -0.004 -10"><span class='ocrx_word' id='word_1_237' title='bbox 150 3102 207 3152; x_wconf 87' lang='lat' dir='ltr'>tem</span> <span class='ocrx_word' id='word_1_238' title='bbox 234 3099 305 3150; x_wconf 86' lang='lat' dir='ltr'>entm</span> <span class='ocrx_word' id='word_1_239' title='bbox 333 3095 497 3162; x_wconf 87' lang='lat' dir='ltr'>praesentiae</span> <span class='ocrx_word' id='word_1_240' title='bbox 523 3109 589 3150; x_wconf 89' lang='lat' dir='ltr'>snae</span> <span class='ocrx_word' id='word_1_241' title='bbox 614 3099 647 3150; x_wconf 89' lang='lat' dir='ltr'>ad</span> <span class='ocrx_word' id='word_1_242' title='bbox 665 3099 748 3150; x_wconf 82' lang='lat' dir='ltr'>instar</span> <span class='ocrx_word' id='word_1_243' title='bbox 763 3098 828 3149; x_wconf 91' lang='lat' dir='ltr'>solis</span> <span class='ocrx_word' id='word_1_244' title='bbox 846 3096 908 3148; x_wconf 90' lang='lat' dir='ltr'>oriri</span> <span class='ocrx_word' id='word_1_245' title='bbox 926 3097 990 3149; x_wconf 85' lang='lat' dir='ltr'>iacit</span> 
     </span>
     <span class='ocr_line' id='line_1_33' title="bbox 149 3183 988 3249; baseline -0.004 -11"><span class='ocrx_word' id='word_1_246' title='bbox 149 3196 233 3249; x_wconf 88' lang='lat' dir='ltr'>snper</span> <span class='ocrx_word' id='word_1_247' title='bbox 250 3183 332 3238; x_wconf 91' lang='lat' dir='ltr'>bonos</span> <span class='ocrx_word' id='word_1_248' title='bbox 349 3187 377 3237; x_wconf 92' lang='lat' dir='ltr'>et</span> <span class='ocrx_word' id='word_1_249' title='bbox 392 3184 487 3247; x_wconf 87' lang='lat' dir='ltr'>malos,</span> <span class='ocrx_word' id='word_1_250' title='bbox 506 3183 636 3236; x_wconf 79' lang='lat' dir='ltr'>exbibens</span> <span class='ocrx_word' id='word_1_251' title='bbox 664 3195 692 3234; x_wconf 89' lang='lat' dir='ltr'>se</span> <span class='ocrx_word' id='word_1_252' title='bbox 711 3183 739 3232; x_wconf 87' lang='lat' dir='ltr'>ln</span> <span class='ocrx_word' id='word_1_253' title='bbox 756 3183 807 3233; x_wconf 84' lang='lat' dir='ltr'>boe</span> <span class='ocrx_word' id='word_1_254' title='bbox 824 3185 988 3235; x_wconf 87' lang='lat' dir='ltr'>sacramenta</span> 
     </span>
    </p>
   </div>
   <div class='ocr_carea' id='block_1_3' title="bbox 0 0 1196 3759">
    <p class='ocr_par' dir='ltr' id='par_1_5' title="bbox 0 0 1196 3759">
     <span class='ocr_line' id='line_1_34' title="bbox 0 0 1196 3759; baseline 0 0"><span class='ocrx_word' id='word_1_255' title='bbox 0 0 1196 3759; x_wconf 95' lang='lat' dir='ltr'> </span> 
     </span>
    </p>
   </div>
  </div>
 </body>
</html>
