2384 3759
633 322 669 375 96

474 574 631 649 cneum
653 574 822 643 mm.
932 653 935 661 ,

448 733 508 792 lta
536 686 858 788 coutinentia.

310 907 335 962 1.
356 908 519 963 confidentia
536 918 600 960 vera
619 910 645 959 et
663 906 778 969 perlecta
797 910 837 959 est
862 908 960 959 mentis
979 908 1080 961 securi·

234 1000 288 1058 tas,
308 994 378 1059 quod
396 994 560 1056 omnipotens
584 997 611 1044 et
627 990 713 1043 tidelis
731 991 799 1043 beus
821 1004 957 1057 nunquam
980 995 1079 1046 amieos

237 1080 408 1144 derelinquit,
423 1079 501 1142 iuxta
519 1078 598 1131 iliud:
619 1078 711 1131 Nullus
729 1078 846 1139 sueravlt
863 1078 890 1129 lu
909 1076 1033 1141 Domino,
1056 1084 1080 1130 et

234 1166 361 1217 oouinsus
379 1167 427 1216 est.
465 1163 525 1226 Quis
553 1164 623 1215 enim
650 1164 793 1226 permansit
810 1162 838 1215 in
856 1163 992 1216 mandatis
1011 1164 1078 1227 eius,

234 1255 266 1302 et
283 1249 424 1302 ilereliotus
443 1251 499 1302 esti
510 1247 615 1314 (lecu.
634 1246 661 1311 2,
680 1244 723 1301 ll.
746 1246 803 1310 12.)

308 1333 334 1387 2.
353 1335 402 1388 ille
419 1348 508 1389 veram
526 1334 711 1389 continentiam
729 1335 821 1398 babet,
846 1334 891 1399 qui
916 1337 1008 1387 eertus
1026 1340 1077 1397 est,

235 1422 307 1485 illlod
326 1420 408 1474 bonus
426 1422 494 1475 bens
512 1424 567 1475 suis
584 1432 691 1485 semper
716 1432 841 1485 praesens
864 1422 891 1473 et
917 1420 945 1473 in
963 1422 1079 1473 tribula·

234 1506 363 1571 tionibus,
382 1511 409 1561 et
426 1519 530 1571 semper
545 1510 654 1572 paratus
672 1511 721 1568 est,
741 1510 772 1559 ut
788 1518 834 1559 eos
852 1518 868 1557 a
885 1506 1079 1559 tentationibus

237 1593 353 1656 liberet,
381 1596 409 1646 et
426 1576 551 1645 liberatos
569 1590 715 1656 glorificet,
740 1591 816 1655 juxta
833 1590 913 1643 illud:
935 1593 1001 1645 cum
1021 1595 1078 1657 ipso
1111 1620 1112 1627 1

236 1691 298 1731 sum
316 1680 344 1731 in
362 1678 544 1742 tribulatione,
565 1678 674 1743 eripiam
693 1688 766 1741 eum,
790 1681 817 1729 et
834 1676 987 1741 glorificabo
1006 1691 1076 1731 eum.

234 1765 297 1827 (Pa.
317 1760 438 1825 90‚15.)
474 1763 517 1815 sio
539 1762 590 1815 tuit
612 1776 670 1815 tum
693 1762 801 1817 Daniele
823 1760 850 1813 in
874 1762 936 1815 lacu
954 1764 1076 1816 leonum:

235 1860 298 1903 oum
317 1850 372 1903 blot
390 1850 417 1899 ln
436 1860 509 1900 area:
528 1860 587 1900 eum
606 1850 702 1913 loseph
721 1850 748 1901 lu
766 1846 893 1902 cisterna:
912 1862 972 1901 oum
993 1850 1077 1902 tribus

236 1936 327 2000 oneris
350 1936 378 1987 iu
404 1934 507 1987 camino
534 1932 615 1997 iguis:
644 1938 671 1986 et
697 1936 744 1987 bos
771 1946 861 1987 omnes
888 1933 1077 1999 benignissime

237 2021 371 2073 liberavit,
418 2019 492 2072 ilulle
517 2020 546 2071 B.
572 2020 676 2071 Petrus:
705 2018 782 2073 Novit
808 2018 932 2071 Dominus
957 2018 1019 2083 pios
1046 2020 1077 2071 tie

236 2106 384 2157 tentatione
411 2105 521 2168 eripere.
558 2104 607 2165 (11.
637 2105 711 2157 Pete.
740 2100 775 2167 2,
803 2103 844 2164 9.)
884 2106 914 2157 lit
942 2106 970 2157 iu
1000 2106 1076 2159 lobia

237 2187 281 2253 (3,
300 2187 343 2240 21.
360 2186 415 2255 22.)
434 2190 499 2242 llicit
515 2190 593 2243 sara:
622 2190 675 2243 lloo
702 2202 748 2253 uro
776 2195 846 2243 certo
872 2190 952 2243 babet
980 2194 1075 2253 omnis,

234 2274 283 2338 oui
300 2274 425 2338 oblitio,
451 2276 511 2340 quia
530 2274 584 2328 titt
603 2275 675 2339 ejus,
703 2275 726 2327 si
754 2276 780 2327 in
801 2275 963 2339 probatione
985 2278 1073 2339 luerit,

237 2360 420 2413 coronabitur:
447 2362 470 2413 si
497 2365 584 2413 autem
613 2362 640 2413 iu
667 2360 835 2414 tribulatione
853 2360 951 2425 inerit,
981 2363 1074 2415 libera·

236 2445 317 2498 bitur.
354 2446 386 2499 llt
402 2446 425 2498 sl
443 2446 471 2498 in
495 2448 658 2511 correptione
684 2446 781 2511 luerit,
812 2447 844 2499 all
870 2448 1076 2503 misericordiam

237 2535 313 2583 tuam
339 2531 429 2584 uenire
456 2532 554 2585 lieebit.
602 2532 658 2585 Non
681 2534 750 2585 euim
774 2534 912 2585 delectaris
928 2534 965 2585 iu
994 2536 1077 2599 perli-

236 2615 354 2669 tionibus
382 2618 495 2680 uostris,
524 2618 585 2682 quia
612 2613 671 2681 ubst
697 2621 878 2681 tempestatem
905 2622 1077 2691 tranquillum

236 2702 323 2766 latis3
353 2704 460 2765 etpost
484 2702 690 2757 inclinationem
717 2708 743 2757 et
768 2706 858 2757 iletum
886 2695 1076 2759 exultationem

237 2787 366 2840 iuiuullis.
665 2810 667 2813 ·
900 2777 902 2781 ’

309 2875 360 2926 lile
379 2884 468 2926 veram
487 2870 672 2926 conibentiam
691 2874 783 2939 babet,
808 2877 853 2940 oui
878 2886 969 2929 omues
989 2890 1075 2942 preces

235 2966 318 3022 suns,
347 2962 373 3011 et
401 2957 488 3009 omnia
506 2956 637 3010 uesiueria
655 2973 702 3013 sua
716 2962 787 3025 lustu
805 2974 858 3015 uon
876 2962 982 3017 dubitat
1001 2976 1074 3017 exau·

236 3043 298 3096 diri.
337 3044 401 3096 liam
419 3044 457 3094 ll..
470 3043 666 3103 chrysostomus
685 3046 762 3099 dlolt:
789 3048 817 3101 Si
841 3060 900 3101 eum
923 3050 974 3101 boo
994 3050 1075 3103 stolio

239 3131 337 3181 mentis
356 3127 516 3190 litomeris,
544 3130 571 3179 et
589 3126 699 3183 dixeris:
724 3132 780 3185 llou
799 3125 930 3197 resedam,
952 3134 1073 3197 (scilieet,
