2384 3759
538 381 590 436 lou

142 538 179 578 re
199 525 356 589 operantem
372 527 503 576 notumn
541 522 574 576 Et
590 523 657 576 urire
674 503 830 587 similitudo,
850 525 909 588 puio
929 523 983 578 uie·

144 613 194 667 ius
212 609 350 674 aliquibus
368 609 471 674 integre
489 608 605 662 exterius
633 609 737 662 videtur
753 610 828 674 quusi
846 611 932 662 adnuo
949 605 985 661 sit

144 709 236 759 orum,
255 696 326 760 puori
343 706 396 748 non
414 698 456 747 est
472 705 551 746 orum
568 693 616 745 sed
633 693 688 746 uiui
701 693 767 756 puiii
787 695 915 758 integrum
928 707 983 747 cor·

144 797 193 849 pus
213 785 285 836 teoto
301 783 426 834 reirtnnn
464 780 541 834 Sient
557 791 620 842 ergo
640 780 666 830 in
684 779 734 830 irre
752 790 780 830 re
798 779 920 830 colurnio
937 789 985 844 per

144 872 271 920 naturum
297 867 336 920 sie
361 867 390 918 in
416 868 581 920 aeramento
610 864 706 918 nitoris
736 864 844 928 spiritus
870 877 906 916 so.
938 877 985 928 per

144 967 222 1008 snum
240 954 447 1017 omnipotentem
475 953 608 1006 uirtutem.
646 951 674 1002 si
692 963 754 1015 ergo
777 951 824 1003 sun
842 963 892 1004 ave
910 953 985 1015 ponis

144 1053 230 1094 unuin
248 1041 294 1094 vei
311 1040 364 1092 ono
376 1041 419 1094 rei
431 1041 507 1103 pluro
518 1051 578 1100 ovo,
597 1041 736 1090 uertuntur
754 1051 786 1090 on
804 1049 852 1100 per
864 1043 985 1090 naturam

144 1128 262 1180 interius
292 1125 319 1176 in
337 1137 452 1188 earnem,
485 1130 552 1178 teotr
580 1127 704 1178 monente
727 1124 858 1178 exterius:
888 1129 985 1188 euentu

144 1213 234 1276 magu
261 1223 342 1264 nnem
369 1212 481 1265 nostium
508 1211 585 1274 ponis
610 1211 653 1264 vel
670 1212 760 1273 piures
778 1211 804 1262 in
823 1211 911 1275 uitari,
930 1224 986 1264 mn·

144 1302 230 1351 nente
259 1299 349 1362 speeie
376 1298 492 1350 exterius
518 1298 625 1360 spiritus
642 1301 747 1350 sanetus
771 1311 802 1350 en
820 1303 928 1362 repente
946 1299 986 1350 in·

145 1385 235 1440 urina
253 1385 283 1436 in
302 1396 395 1449 eorpus
413 1384 509 1438 curisti
526 1395 574 1438 suo
592 1384 688 1438 virtute
706 1385 849 1438 convertit?
867 1411 901 1424 -
920 1387 986 1439 Noto

145 1485 244 1526 versus
263 1472 297 1524 rie
315 1483 426 1534 corpore
445 1468 558 1533 curisti‚'
578 1471 612 1524 oe
630 1472 687 1533 noc,
708 1472 776 1535 quod
794 1472 859 1524 riieit
876 1473 908 1524 de
926 1473 986 1526 suit-

145 1560 252 1612 stuntiu
269 1557 356 1622 punis,
388 1570 441 1610 non
471 1558 539 1622 quod
565 1557 601 1608 sit
623 1557 732 1608 materie
749 1559 864 1620 eorporis
883 1558 986 1620 Christi,

146 1646 199 1698 seri
228 1643 299 1708 quod
326 1643 401 1707 panis
419 1644 581 1696 convertitur
607 1643 633 1694 in
652 1654 744 1706 eorpus
762 1644 869 1697 curisti:
889 1645 987 1706 corpus

151 1731 187 1783 rie
204 1740 286 1794 pune,
297 1741 392 1793 eorpus
404 1729 436 1780 rie
447 1727 668 1791 Virginennturu:
687 1730 981 1789 primumprimnum,

155 1815 206 1867 seri
223 1815 362 1867 materiale
379 1815 531 1866 secundnm.

223 1900 273 1954 iiie
288 1902 424 1956 morriiter
440 1903 583 1956 notandum
602 1905 650 1964 est,
668 1913 726 1954 cuni
744 1903 900 1955 irretionniis
917 1915 988 1956 oreu-

149 1994 212 2042 turo
230 1999 269 2039 se.
289 1988 366 2051 penis
384 2000 433 2052 per
450 1988 558 2041 verbum
576 1988 624 2040 iiei
647 1988 753 2052 spiritus
777 1988 831 2052 ejus
850 1988 876 2039 in
894 1988 988 2042 meiius

151 2074 331 2135 convertitur,
356 2079 456 2138 quanto
483 2076 520 2127 sit
535 2074 679 2139 pecenwris
704 2075 809 2136 duritie,
838 2074 882 2139 oui
900 2076 989 2126 nnuitir

148 2159 243 2213 vernis
262 2162 290 2212 et
305 2159 514 2224 spiritus.suneti
530 2160 724 2225 operationibus
742 2161 774 2212 ud
793 2162 989 2214 conversionem

150 2258 208 2300 non
227 2246 386 2308 perducitur.
417 2247 608 2300 induraverunt
627 2247 708 2298 iacies
720 2259 781 2298 suas
798 2257 875 2311 snpra
888 2252 988 2310 petrem

149 2338 180 2386 et
196 2334 339 2386 notuerunt
355 2333 459 2387 reverti.
483 2333 556 2398 (Jer.
568 2332 596 2396 5,
610 2332 652 2393 3.)
687 2333 755 2384 Haeo
774 2333 906 2384 induratio
925 2332 988 2386 iina-

153 2421 188 2473 iis
221 2418 419 2482 impoenitentia
439 2423 488 2483 est,
516 2420 592 2483 enjus
611 2419 707 2482 triplex
726 2422 766 2470 est
784 2431 878 2472 eousn:
909 2421 988 2486 longo

151 2507 318 2562 consuetodo
345 2507 471 2570 peccandi
490 2507 573 2570 (Sap.
589 2501 632 2568 14,
653 2501 726 2568 16.);
760 2501 929 2559 incredulitas
956 2508 988 2560 de

152 2594 258 2660 iustitie
275 2595 320 2646 uei
342 2591 548 2658 (sopit.1‚2.);
578 2592 696 2646 seduetio
723 2591 822 2646 inimici
849 2596 866 2648 i.
889 2608 912 2648 e.
933 2595 989 2648 dio·

153 2681 220 2735 troii.
234 2680 309 2742 tore.
323 2677 350 2743 5,
361 2677 404 2742 4.)
