2384 3759
627 404 679 461 102

235 548 330 601 tiorem
342 532 529 612 imnrouerium
541 547 645 610 curisti,
664 544 766 609 (contra
778 545 906 611 diuitias.)
923 549 1074 612 Aspicieuat

237 635 307 687 enim
325 634 353 686 in
371 634 619 688 remunerationem.
639 633 733 695 (licor.
752 630 795 696 11,
814 628 857 685 24.
877 630 921 685 25,
941 631 1006 695 26.)

305 719 382 773 ,illuri
410 724 593 785 argumentum
621 718 678 771 veri
704 722 851 771 contemtus
868 720 964 771 muntii
983 722 1071 784 hauet,

236 806 281 871 uui
298 818 348 860 nec
364 808 464 861 saeculi
482 806 619 859 blanditiis
637 806 776 867 mulcetur,
795 817 844 858 nec
856 805 935 858 minis
949 810 1071 871 terretur,

236 904 287 946 uec
303 893 435 957 ritunerlo
452 898 480 947 et
496 892 578 945 laude
594 894 710 945 lrumana
728 894 856 946 moretur.
892 894 921 945 ln
946 895 998 946 lioc
1016 906 1072 947 eon·

237 982 321 1033 temtu
338 979 389 1032 luit
406 975 560 1043 romulus,
589 976 694 1042 quando
713 975 793 1029 dixit:
821 976 913 1029 omnic
930 977 1073 1031 detrimen·

236 1066 371 1128 iontem,
391 1070 419 1117 et
436 1066 548 1132 arbitror
564 1067 595 1118 nt
612 1068 741 1126 stercora,
767 1066 797 1115 ut
815 1062 948 1119 Christum
967 1064 1073 1117 lucrifa-

236 1152 313 1204 ciam.
333 1150 450 1213 (Potito.
470 1148 497 1214 3,
515 1148 557 1212 8.)

305 1233 332 1287 4.
350 1238 538 1298 Argumentum
556 1234 618 1291 taisi
637 1238 783 1289 contemtus
800 1234 891 1287 muudi
909 1235 1005 1297 lauet,
1029 1236 1073 1299 qui

236 1332 269 1373 ac
286 1330 375 1374 umore
392 1322 492 1374 saeculi
519 1324 547 1374 et
572 1321 707 1373 illecebris
733 1319 823 1373 mundi
850 1322 914 1373 tunc
941 1322 1027 1384 urimo
1045 1332 1074 1373 se

235 1406 367 1470 abstinet,
396 1408 501 1472 quando
527 1418 591 1472 orae
617 1410 753 1461 senectute
780 1410 806 1459 et
823 1410 981 1470 paupertate
999 1419 1028 1459 se
1047 1406 1074 1459 in

236 1491 301 1555 lusis
327 1503 450 1547 exercere
477 1505 531 1546 non
557 1494 639 1546 valet
675 1494 745 1545 lunc
771 1491 840 1545 enim
866 1504 918 1545 non
947 1491 1075 1557 relinquit

235 1578 372 1642 mundum,
390 1578 438 1631 seu
456 1591 472 1631 a
489 1579 588 1631 munio
605 1577 770 1642 relinquitur.
807 1578 888 1643 Sicut,
909 1578 973 1641 lieu,
995 1589 1073 1642 quam

236 1664 344 1728 nlurlml
361 1666 432 1727 sunt,
451 1664 495 1729 qni
521 1665 635 1727 orimum
661 1674 770 1728 necuere
792 1662 937 1728 desistunt,
969 1663 1074 1729 quanio

237 1751 352 1815 amulius
369 1760 480 1815 peccare
498 1760 551 1801 nou
569 1754 687 1813 possunt.

457 2172 615 2245 CAPUT
636 2170 843 2239 XXXVHI.

438 2330 499 2385 lle
528 2327 870 2385 muneratione.

307 2518 332 2572 1.
351 2521 491 2575 lieceralio
518 2521 606 2576 cumis
632 2533 695 2574 vera
721 2522 778 2583 est,
807 2532 865 2573 cum
893 2520 952 2585 quis
980 2526 1074 2587 sponte

237 2606 349 2671 castigat
375 2619 470 2672 cornus
496 2621 571 2661 suum
597 2608 722 2672 jeiuniis,
751 2606 868 2671 vigiliis,
897 2609 1072 2670 orationihus,

237 2692 349 2759 ciliciis,
379 2694 539 2759 disciplinis,
566 2692 726 2749 abstinentia
749 2691 800 2746 cliii
818 2694 845 2744 et
861 2695 938 2755 notus
958 2690 1074 2747 delecta·

237 2782 308 2846 bilis,
328 2785 358 2837 ut
375 2782 403 2835 ln
420 2782 540 2835 omnious
557 2794 620 2836 caro
637 2782 741 2845 sniritm
759 2779 900 2845 subiaceat.
936 2780 996 2833 linc
1013 2781 1076 2834 iecit

236 2868 384 2933 Apostolus,
405 2878 464 2919 cum
482 2866 561 2920 dixit:
580 2867 685 2931 castigo
704 2878 796 2932 cornus
813 2877 909 2928 meum,
929 2869 957 2919 et
975 2866 1004 2919 in
1022 2876 1074 2919 ser·

237 2954 347 3007 vitutem
365 2952 464 3017 redigo,
483 2952 611 3014 ueiens,
631 2964 690 3007 cum
704 2954 765 3007 aliis
777 2952 998 3019 praedicaverim,
1019 2954 1074 3015 inse

236 3039 362 3104 reprobus
388 3037 502 3091 eiliciar:
532 3035 566 3101 (i.
589 3038 650 3090 cor.
671 3036 697 3102 9,
716 3036 778 3101 el.)
812 3040 844 3095 Et
868 3040 979 3104 iudith,
1009 3049 1074 3107 uuae

237 3126 346 3186 pnicum
374 3126 401 3177 et
419 3121 525 3186 iuuenis
551 3126 625 3187 eret,
653 3124 733 3179 vidire
760 3129 787 3179 et
814 3126 904 3191 dives,
934 3132 1073 3193 postquam

237 3213 446 3265 namneticum
465 3208 521 3264 viro
538 3219 587 3263 suo
605 3209 689 3265 tribus
707 3213 785 3267 aunis
806 3226 822 3267 a
841 3212 999 3279 virginitate
1017 3224 1074 3275 sua,
