2384 3759
526 339 559 394 15

114 484 189 537 teste
209 480 331 544 apostolo
350 477 439 541 Paulo,
459 478 574 532 uiuente:
594 479 622 532 lli
641 479 730 541 euim,
754 481 824 545 quod
841 481 870 534 lu
886 493 963 548 prae·

115 567 195 621 senti
216 571 259 618 est
276 569 498 626 momentaneum,
527 569 554 616 et
571 565 633 618 lere
651 565 825 618 tribulationis
843 570 959 630 nostrae,

115 665 207 718 supra
225 651 335 704 modum
354 650 382 702 iu
400 651 571 714 sublimitate,
590 655 725 704 aeteruum
743 652 842 717 gloriae
859 653 962 716 poutlus

116 744 253 804 operatur
271 737 298 788 iu
316 735 402 790 nobis.
421 736 472 800 (II.
492 739 555 791 Cor.
572 734 599 799 4,
620 735 675 801 ll.)

192 821 221 876 5.
240 826 429 886 Argumentum
448 834 525 876 verae
543 823 687 887 patientiae
704 828 761 888 est,
787 834 840 874 nou
856 835 887 876 se
903 824 962 878 nin·

117 911 226 972 meare,
256 919 317 960 oum
338 907 439 974 possin
467 912 494 961 et
511 908 591 962 etlam
610 909 749 972 probibere
767 909 909 962 vindictam
928 909 963 961 ab

117 997 196 1056 aliis,
216 994 338 1058 exemplo
356 993 447 1054 barli.
467 993 511 1058 qui
527 995 662 1058 probibuit
680 994 763 1047 ueriti
781 994 886 1058 semu,
915 994 962 1058 oui

118 1081 229 1148 lapides
256 1084 283 1132 et
300 1081 382 1134 lutum
410 1083 498 1132 contra
517 1091 577 1132 eum
595 1080 735 1144 projiciens
753 1080 838 1132 virum
855 1081 962 1144 sangui·

119 1181 190 1222 uum
209 1177 271 1220 eum
290 1165 442 1229 appellauit.
481 1166 532 1218 sed
551 1164 637 1228 potius
655 1178 718 1219 vere
744 1167 848 1229 patiens
865 1167 963 1220 deuote

119 1251 262 1318 supplicat
290 1263 338 1316 pro
369 1250 563 1314 injuriantibus,
593 1251 661 1316 quoti
690 1257 719 1304 et
746 1253 811 1306 ierit
838 1253 962 1308 Dominus

120 1341 202 1396 lesus
222 1337 340 1391 christus
369 1335 512 1390 eiiuaeiter
537 1348 584 1399 pro
611 1337 666 1390 suis
689 1337 902 1404 crucifixoribus,
933 1343 963 1394 et

120 1427 152 1480 Β.
174 1423 324 1488 Stephanus
342 1435 388 1488 pro
408 1423 595 1488 lapidantibus.
615 1420 671 1476 imo
689 1426 769 1479 etlam
787 1425 859 1490 eoglt
874 1427 962 1480 bomi-

123 1523 190 1564 num
210 1508 395 1574 injuriantibus
412 1509 548 1573 misereri,
572 1509 641 1562 sieut
656 1509 720 1564 terit
735 1511 836 1573 lloyses
853 1512 961 1566 uirens:

124 1601 178 1652 but
195 1594 297 1648 dimitte
315 1595 354 1648 eis
372 1595 440 1649 bane
458 1607 569 1660 noram,
597 1599 655 1659 aot,
676 1595 768 1648 sinon
787 1597 870 1660 iaris,
901 1598 963 1650 tiele

124 1695 169 1736 me
203 1683 236 1734 tle
267 1681 334 1734 libro
362 1686 421 1744 tuo,
448 1693 525 1745 ouem
543 1682 678 1746 scripsisti.
716 1680 821 1753 (meod.
840 1680 885 1743 32,
903 1679 963 1742 32.)

124 1768 202 1822 iales
221 1767 353 1820 orationes
371 1766 484 1820 libenter
501 1767 673 1830 audibilem,
692 1771 720 1820 et
736 1767 852 1820 exaudit
889 1767 964 1819 Unde

125 1855 181 1918 isti,
200 1853 305 1908 scilieet
322 1853 423 1910 bellu,
447 1853 564 1908 cbristus
581 1858 608 1906 et
625 1855 775 1918 stephanus
791 1852 899 1905 iueruut
915 1863 964 1914 pro

124 1939 285 1994 adversariis
304 1939 430 1992 exauditi.
963 1970 965 1974 ,

111 2060 119 2076 t
197 2023 224 2078 b.
256 2029 443 2092 Argumentum
472 2025 653 2088 inpatientiae
680 2030 737 2089 est,
778 2035 837 2078 eom
867 2021 965 2086 ationis

146 2121 238 2178 ropter
264 2111 367 2166 illatum
397 2112 546 2166 molestiam
572 2124 607 2165 ex
633 2118 708 2166 motu
733 2111 852 2164 interiori
869 2114 965 2173 sponte

145 2199 240 2252 imittit
268 2197 334 2252 bona
362 2210 460 2262 opera.
489 2209 556 2262 uuae
574 2198 814 2252 commonefacere
832 2201 919 2262 posset
936 2200 965 2249 et

145 2286 251 2348 eberet;
283 2289 345 2338 tune
374 2286 444 2337 enim
475 2284 524 2337 luit
541 2285 610 2338 Deus
638 2284 783 2337 molestiam
806 2283 963 2336 ab-bom'me

165 2373 281 2436 ogatam.
321 2371 444 2435 idemque
462 2375 548 2424 mutus
567 2369 677 2422 interior
694 2369 739 2424 rix
756 2381 785 2420 se
802 2369 964 2422 abseoutlere

115 2475 127 2514 ε·
163 2461 225 2521 test,
245 2457 297 2510 nisi
315 2462 435 2520 erumpat
453 2458 496 2509 vel
515 2457 541 2508 in
560 2457 645 2518 vultu,
664 2457 707 2508 vel
724 2456 752 2507 in
770 2457 900 2520 gestibus,
918 2456 964 2508 vel

174 2543 272 2598 verbis.
297 2544 366 2598 liaeo
385 2555 426 2596 est
442 2540 662 2606 periculosissima
679 2540 861 2606 impatientia,
888 2542 966 2596 euius

174 2631 246 2684 dicta
265 2631 350 2694 uergit
367 2629 394 2682 iu
413 2630 493 2682 Deum
513 2629 686 2682 innocentem.
