2384 3759
614 393 665 451 124

223 536 343 591 eoelestis
361 538 445 600 regni,
465 538 577 591 societas
590 535 712 589 amabitis
724 536 825 599 sponsi,
844 534 955 588 deliciae
973 534 1048 587 totino

222 622 292 675 boni.
325 622 439 675 Primam
450 620 618 675 notatotioi:
642 620 820 681 intraverunt3
841 621 982 674 seonndont
1000 620 1045 673 ihi:
1100 622 1101 627 ’

222 719 281 761 com
299 718 345 773 eo;
364 708 469 761 tertium
488 707 538 760 iiii:
558 708 592 759 ati
611 706 724 769 nonnas.
742 732 776 745 -
795 708 831 758 iie
847 706 943 771 primo:
962 705 1048 757 Venite

222 793 353 847 benedieti
371 794 453 857 nattis
470 794 533 845 mei.
559 792 674 853 iilottlt.
692 789 740 854 25,
769 790 828 853 24.)
863 794 900 845 iie
922 792 1046 845 seeundo:

222 890 325 945 semper
342 892 400 933 eom
418 879 527 933 Domino
545 878 652 929 enimus.
672 878 771 938 (loon.
795 878 837 940 li,
857 876 913 941 24.)
948 880 982 931 ite
1000 882 1047 931 ter·

222 967 272 1020 tio:
305 966 422 1020 Gaudete
449 976 507 1017 enon
537 964 714 1027 Hierusalem,
743 966 760 1015 i.
781 976 804 1015 a.
837 976 896 1017 enm
920 966 1047 1017 oeatotnn

222 1054 338 1106 omninno
356 1050 464 1116 oaoiiiea
490 1055 517 1103 et
540 1050 658 1113 ineunda
679 1050 822 1114 sooietate‚
851 1055 881 1103 nt
898 1048 1046 1115 reoieaioini
1101 1046 1102 1087 t

223 1139 256 1191 aio
273 1138 397 1192 uberibus
415 1136 600 1189 consolationis
618 1134 682 1198 eim.
703 1136 760 1194 (Jo.
778 1134 821 1199 66,
841 1132 899 1197 10.)

540 1305 722 1321 μ

516 1397 672 1527 onnon
695 1456 758 1523 111.

222 1592 270 1649 oe
304 1596 445 1652 seeundo
480 1612 578 1652 cansa
613 1594 823 1651 institutionis
854 1590 1044 1649 sacramenti

323 1680 546 1738 Eucharistiae
564 1698 613 1738 se.
635 1680 795 1737 saeriiioio
816 1678 950 1735 Alianis.

290 1812 410 1865 secontia
420 1825 497 1866 mosa
510 1813 682 1867 institutionis
693 1811 855 1867 sacramenti
866 1809 989 1865 dominici
998 1820 1046 1863 aon·

222 1898 292 1960 noris
310 1904 351 1953 est
362 1899 539 1963 sacrificium
548 1900 665 1953 Altaria
684 1897 1045 1963 ctroaqoonsaeriitoionno

221 1985 309 2036 tantur
327 1987 391 2038 tria:
407 1987 490 2039 torna
500 1985 636 2048 offerendi,
648 1985 765 2049 qtoaestio
779 1986 811 2037 tie
828 1983 955 2037 sacrificio
973 1980 1045 2046 iegati

223 2072 251 2121 et
273 2072 434 2126 excelientia
451 2071 533 2124 nostri
550 2070 680 2123 sacrificii.
718 2072 755 2123 ite
773 2070 873 2123 dnobus
891 2070 982 2134 primis
1009 2067 1046 2119 itio

221 2159 307 2217 potest
324 2156 386 2220 niti,
405 2157 439 2209 tie
456 2157 532 2210 tertio
549 2155 577 2207 in
595 2155 723 2220 sequenti.

290 2240 376 2293 Primo
402 2245 508 2295 notator
534 2242 614 2295 tonna
643 2243 752 2295 ethaeo
771 2246 811 2294 εει
829 2242 939 2305 triplex:
971 2241 1045 2305 onina

221 2325 248 2375 in
266 2323 427 2379 oblationum
445 2333 563 2381 veterum
581 2328 809 2395 praefiguratione,
827 2328 943 2382 secondo
962 2329 989 2383 in
1005 2329 1045 2378 in·

220 2422 315 2463 manae
340 2412 440 2467 formae
458 2415 578 2476 venitote,
597 2413 674 2468 tertia
699 2415 726 2466 in
745 2416 819 2477 nanis
838 2419 865 2467 ει
884 2414 938 2467 vini
956 2411 1043 2477 speeie.

220 2496 307 2548 Prima
334 2502 374 2549 est
391 2509 542 2562 synagogae
571 2501 753 2553 commendata
769 2501 818 2554 sui)
837 2502 909 2564 iege3
939 2497 1045 2554 seeundo

220 2581 337 2634 caritatis
355 2583 463 2636 divinae
481 2586 570 2642 oblata
588 2588 616 2639 in
634 2598 726 2649 truce,
748 2587 825 2641 tortia
845 2586 931 2641 tineiis
951 2590 1044 2641 animae

220 2673 372 2721 consectata
389 2670 417 2721 in
430 2682 524 2723 mensa
542 2674 679 2727 ecciesiae.
717 2673 801 2726 Prima
820 2674 881 2725 tiata
900 2678 941 2726 εει
958 2676 985 2727 in
1002 2673 1045 2734 sig-

219 2767 300 2820 num,
329 2756 445 2833 secondo
463 2758 490 2809 in
508 2758 637 2821 pretinm,
666 2761 744 2813 tertia
763 2760 790 2811 in
808 2760 944 2813 solatium.
966 2786 998 2797 -
1014 2759 1044 2810 ite

221 2843 319 2905 noima:
338 2842 365 2895 Si
384 2844 469 2895 oannis
486 2844 568 2897 lsrael
585 2857 633 2907 ner
650 2846 824 2910 ignorantiam
837 2848 994 2911 peccaverit
1012 2844 1045 2896 oi·

219 2929 288 2980 renat
305 2939 351 2990 nro
370 2932 477 2991 peceato
495 2940 545 2982 suo
563 2930 686 2995 vituium,
717 2936 735 2987 i.
756 2946 779 2987 e.
802 2935 941 2988 Christum.
973 2934 1041 2995 (tao-

219 3009 245 3075 4,
265 3010 307 3073 2.)
342 3016 396 3067 iioo
414 3018 501 3066 antem
520 3026 572 3067 non
592 3022 648 3069 erat
671 3020 697 3071 in
721 3032 831 3083 persono
850 3022 896 3073 sei
916 3022 943 3073 in
962 3021 1044 3085 ignia.

219 3099 346 3153 Similiter
354 3112 437 3164 agnos
450 3100 642 3164 inmaculatos,
663 3114 739 3167 quein
752 3107 907 3159 occidebant
916 3109 942 3161 in
956 3106 1045 3160 Pescia

219 3185 311 3245 etaios
325 3199 420 3239 earnes
435 3186 559 3251 edebant,
572 3189 656 3253 iigora
672 3190 767 3244 coristi
782 3197 847 3257 erat,
863 3198 893 3247 ot
903 3194 966 3249 dicit
976 3194 1043 3253 tinea.
