2384 3759
438 607 594 678 CAPUT
617 609 678 675 VI.

136 749 181 804 lie
199 749 327 804 duabus
347 747 421 802 aliis
440 747 634 814 rationibus,
654 746 772 816 quibus
791 747 884 803 datur
902 764 971 804 cor·

354 849 416 904 pus
436 832 557 888 Christi
583 833 617 886 in
635 831 753 887 cibum.

205 956 421 1020 secundarium,
442 967 523 1021 quare
536 957 659 1010 Dominus
677 968 770 1020 corpus
788 967 863 1010 sunm
882 957 926 1010 dat
944 959 971 1010 in

136 1045 230 1107 citium,
250 1046 292 1095 est
308 1044 438 1096 numanae
451 1046 562 1096 naturae
579 1045 720 1107 corruptio,
740 1054 807 1107 quoe
823 1041 971 1104 hujusmodi

135 1130 185 1182 ciii
202 1129 331 1191 exigebat
346 1129 566 1201 medicamentum
596 1133 624 1182 et
640 1131 691 1181 noc
709 1132 834 1195 quantum
853 1129 886 1181 ad
905 1129 968 1182 tria-z

201 1215 290 1266 Primo
308 1215 342 1266 ad
359 1226 500 1278 congruam
518 1214 664 1269 curationis
681 1215 886 1278 inchoationem,
907 1217 968 1280 quia

135 1300 202 1354 sicut
230 1300 337 1352 initium
355 1300 528 1364 corruptionis
555 1305 584 1354 et
600 1302 692 1354 mortis
711 1302 797 1366 coepit
815 1315 831 1354 a
849 1303 907 1355 citro
926 1313 970 1356 ve·

136 1387 180 1439 tito
198 1397 236 1437 sc.
256 1397 275 1438 a
291 1384 363 1449 tigno
381 1385 508 1438 scientiae
521 1385 584 1438 noni
596 1389 624 1438 et
638 1385 712 1449 malt,
730 1386 769 1440 sie
783 1385 972 1452 initiumjuoti·

134 1471 266 1526 iectionis
278 1473 387 1524 civitae
405 1472 521 1534 incinere
539 1473 632 1524 denuit
649 1473 735 1526 acino
754 1485 790 1526 sc.
811 1473 883 1536 tigno
901 1475 972 1528 vitae

134 1559 150 1611 i,
172 1571 196 1611 e.
219 1571 236 1610 a
254 1569 364 1620 corpore
382 1557 520 1611 dominico.
535 1586 568 1595 -
581 1558 725 1623 ueprimo:
744 1560 781 1612 De
798 1559 870 1624 ligno
888 1561 972 1612 scien-

134 1645 185 1700 tiae
204 1648 258 1697 etc.
279 1646 360 1706 (Gen.
379 1640 406 1707 2,
425 1640 482 1704 17.)
513 1646 549 1698 lte
569 1645 701 1700 secundo:
725 1645 779 1699 Nisi
797 1645 972 1698 manducave.-

134 1732 190 1784 ritis
210 1742 319 1784 carnem
337 1730 384 1782 titii
402 1728 522 1782 nominis.
541 1730 642 1790 (Joao.
662 1730 689 1794 6,
708 1727 768 1792 54.)

204 1816 329 1869 secundo
356 1815 483 1879 exigenat
508 1817 589 1868 talem
616 1816 702 1870 citrum
729 1817 854 1882 quantum
878 1814 912 1866 ad
930 1814 971 1866 in·

134 1907 236 1967 iepram
248 1900 424 1964 corruptionis
436 1901 606 1955 curationem.
626 1903 741 1964 serpens
755 1899 823 1952 enim
841 1900 971 1964 malignus

134 1989 233 2042 inindit
251 1986 350 2039 nomini
369 1998 416 2050 per
433 1998 564 2040 uenenum
582 1987 652 2051 pomi
676 1987 750 2040 vetiti
769 1987 897 2050 triplicem
916 1997 972 2038 cor-

133 2076 302 2140 ruptionem:
333 2075 360 2125 in
387 2074 475 2126 animo
493 2073 616 2126 tenebras
646 2073 827 2137 ignorantiae,
847 2073 875 2126 in
894 2085 972 2126 carne

133 2163 254 2216 mornnm
273 2173 370 2224 prauae
383 2159 612 2223 concupiscentiae
632 2163 659 2212 et
676 2163 784 2214 mortem
804 2160 831 2212 in
850 2162 969 2224 utronno.

131 2251 249 2312 serpens
267 2245 371 2309 decepit
388 2258 440 2298 mec
473 2241 595 2308 (uemss,
617 2241 672 2309 13.)
708 2247 744 2298 De
762 2247 861 2310 primo:
892 2247 971 2298 Tene·

132 2336 205 2397 brae,
227 2334 248 2384 i.
269 2344 293 2384 e.
310 2331 474 2395 ignorantiae
491 2332 566 2383 erant
583 2341 662 2392 super
679 2329 772 2382 faciem
792 2331 887 2394 abyssi,
908 2331 925 2382 i.
948 2343 970 2382 e.

133 2417 246 2472 hnmani
265 2417 350 2470 cordis
368 2430 402 2470 ex
420 2417 520 2470 diaboii
533 2415 696 2479 deceptione.
718 2413 800 2478 (den.
821 2415 847 2480 1,
867 2413 908 2478 2.)
936 2417 972 2470 De

131 2503 265 2558 seeundo:
277 2503 341 2556 curo
350 2503 643 2567 concupiscitaduersus
651 2500 780 2566 spiritum.
795 2500 872 2566 (dai.
880 2499 906 2566 5,
916 2501 972 2564 li.)

130 2592 168 2644 De
188 2589 282 2644 tertio:
307 2589 408 2641 invidia
420 2589 519 2642 diodoli
535 2599 605 2642 mors
615 2588 733 2642 introivit
750 2588 778 2642 in
791 2589 879 2644 orbem
891 2593 972 2644 terra·

132 2689 201 2731 rnna.
218 2677 299 2739 (Sap.
312 2673 402 2740 ΜΔ.)
428 2678 507 2740 Auge
525 2675 553 2728 si
562 2676 672 2740 angelus
683 2675 714 2728 de
725 2676 829 2740 proprio
839 2687 918 2730 ruens
927 2688 973 2740 pa·

131 2763 223 2816 radiso
242 2770 294 2813 non
313 2765 383 2814 esset
401 2761 515 2824 auditus,
534 2772 588 2813 non
606 2759 840 2825 praecipitaremur
857 2763 885 2814 in
902 2773 972 2813 mor·

132 2854 204 2913 tem3
224 2848 272 2900 sed
290 2849 363 2900 venit
381 2848 413 2899 de
432 2849 506 2900 coeto
524 2847 614 2909 tapsus
633 2858 741 2912 serpens
760 2847 823 2901 toris
842 2851 869 2900 et
887 2845 972 2900 emisit

132 2945 269 2989 uenenum
301 2933 334 2986 de
362 2933 481 2996 proprio,
511 2934 614 2985 locutus
633 2937 673 2986 est
691 2933 724 2986 de
742 2945 804 2986 suo:
825 2935 928 2996 gustate
947 2934 973 2982 et

131 3021 210 3074 eritis
228 3019 298 3071 sicui
315 3018 351 3070 dii
371 3022 397 3070 et
416 3017 457 3070 itti
475 3022 630 3082 appetentes
649 3020 717 3086 quod
737 3032 789 3072 non
803 3021 887 3080 eraut,
907 3017 972 3070 ami·

131 3111 227 3161 serunt
253 3105 322 3170 qnod
349 3111 507 3168 acceperant
535 3118 572 3156 sc.
602 3105 655 3158 uim
682 3106 882 3166 intellectivam,
902 3104 972 3156 uitae

129 3194 273 3259 justitiam,
292 3204 345 3245 non
363 3192 492 3246 moriendi
510 3191 722 3256 possibilitatem.
761 3191 824 3250 onia
847 3201 908 3252 ergo
927 3201 974 3252 par
