2384 3759
637 315 687 371 112

518 492 674 565 CAPUT
696 496 810 563 XLII.

420 632 481 689 ide
510 601 899 705 perseverantia.

314 803 340 857 1.
357 807 554 861 Perseverantia
572 819 636 861 vera
653 812 694 863 est
711 810 739 861 in
757 810 833 863 donis
860 810 1001 875 operibus,
1024 813 1068 865 tie·

244 904 326 958 quens
344 894 508 957 exercitatio,
528 895 679 948 continuum
698 895 813 949 studium
832 898 865 949 ad
878 898 1066 961 perfectionem,

243 980 420 1043 spiritualium
437 979 581 1043 gratarum
600 982 627 1032 et
644 980 769 1035 virtutum
782 982 1069 1048 diligentissimamque

244 1065 407 1131 admortena
425 1066 584 1118 obseruatio.
622 1066 659 1119 Ad
682 1068 751 1121 nano
772 1067 866 1121 invitat
887 1080 935 1121 nos
953 1072 1068 1125 nominos
1107 1098 1108 1103 κ

243 1150 271 1201 in
289 1150 458 1214 Apocalypsi:
477 1147 514 1212 (2,
534 1150 594 1213 10.)
621 1152 681 1205 Esto
699 1152 783 1207 tidelis
806 1166 888 1219 usque
905 1156 939 1208 ad
956 1164 1068 1219 mortem,

243 1238 271 1287 et
288 1235 357 1287 dabo
375 1236 424 1287 tini
442 1248 565 1290 eoronam
592 1238 671 1291 vitae.
707 1240 778 1293 Hane
805 1240 990 1306 tabudium,
1017 1254 1069 1295 eum

243 1318 329 1371 dixit:
349 1320 437 1373 iioneo
455 1321 585 1387 delirium,
604 1336 657 1377 non
669 1327 789 1379 recedam
803 1327 836 1379 ad
848 1328 1068 1381 innocentiamer‘.
1107 1384 1108 1405 ἶ

243 1404 317 1464 (dod.
338 1404 382 1468 27,
399 1403 439 1468 5.)
474 1409 505 1460 dt
523 1409 629 1474 ionias,
658 1412 701 1476 uui
729 1424 837 1478 eoroora
854 1417 1015 1469 mortuorum
1032 1427 1069 1467 oe·
1107 1424 1108 1445 ³

242 1491 360 1543 euitairat
376 1492 404 1545 iu
422 1494 499 1547 domo
523 1508 588 1559 sua,
618 1501 645 1549 et
669 1498 762 1551 mediis
789 1500 908 1553 mortibus
934 1502 1067 1567 superium
1107 1500 1108 1505 ’

243 1576 305 1629 ticet
322 1588 382 1631 euna
400 1590 447 1632 rex
464 1586 572 1643 oronter
589 1584 638 1636 troo
656 1586 764 1648 sooiiari
780 1585 901 1650 jusserit,
930 1590 957 1640 et
982 1588 1066 1642 oooidi.

311 1660 336 1716 2.
356 1664 394 1717 dd
412 1676 528 1717 amorem
546 1671 760 1730 perseverantiae
782 1671 907 1725 inducere
931 1685 981 1727 nos
999 1672 1067 1727 debet
1107 1676 1108 1715 ὲ

242 1749 356 1801 maxima
374 1751 476 1803 utititas
494 1762 528 1803 ex
545 1764 577 1804 ea
595 1757 760 1817 proveniens.
799 1758 863 1811 iiam
886 1770 920 1811 ex
942 1770 974 1813 ea
1000 1772 1066 1813 omne

242 1846 308 1898 onus
327 1836 433 1900 bonnm,
452 1840 480 1889 et
497 1839 582 1891 omnis
601 1840 682 1894 uirtus
701 1843 877 1908 coronabitur,
896 1848 923 1897 et
936 1850 991 1899 tota
1003 1848 1066 1899 seius
1107 1896 1108 1901 ,

240 1923 329 1974 nostra
342 1923 368 1974 in
380 1936 412 1975 ea
424 1923 551 1987 oonsistit,
571 1926 713 1981 secundum
726 1930 793 1982 iiiud
805 1930 906 1983 Domini
920 1933 1002 1985 nostri
1013 1934 1066 1987 iesu

241 2007 352 2072 curisti:
371 2009 418 2071 Qui
436 2012 643 2073 perseveraverit
661 2026 743 2081 usque
761 2016 788 2068 in
806 2016 903 2080 tinem,
922 2018 967 2071 irio
985 2021 1065 2072 saluus

240 2091 307 2155 erit3
326 2085 440 2154 (Mattio
460 2091 503 2158 10,
522 2091 581 2157 22.)
599 2098 656 2151 sine
674 2112 724 2165 qua
742 2102 816 2155 nulia
833 2103 926 2169 virtus,
947 2106 991 2157 uei
1009 2116 1065 2169 onus
1107 2126 1108 2129 ¹

240 2179 432 2231 remunerabile
451 2186 509 2239 este
528 2182 586 2234 sine
604 2194 654 2247 uua
672 2188 755 2239 omnis
774 2188 899 2251 nerieatio
917 2188 945 2241 in
963 2190 1065 2243 nidiium

239 2258 375 2324 redigitur.
412 2264 477 2325 Quid
495 2266 566 2319 euim
584 2270 682 2330 nroiuit
705 2275 823 2335 apostolo
848 2278 874 2327 et
892 2274 1013 2329 traditori
1029 2276 1065 2329 iu·

240 2344 308 2407 dae,
336 2348 405 2410 quod
431 2348 516 2412 insum
534 2353 659 2407 nominos
678 2356 710 2409 da
728 2360 826 2412 mundo
844 2362 982 2423 elegerat?
1009 2360 1065 2425 Quid

239 2429 339 2491 omiuit
365 2432 523 2488 diuturnitas
550 2438 738 2496 familiaritatis
766 2444 828 2497 iesu
856 2446 974 2499 chrisiti
1010 2445 1064 2510 Quid

239 2518 331 2567 saneta
350 2518 528 2585 praedicatio,
547 2536 624 2588 quam
643 2538 723 2591 saepe
741 2527 774 2579 ab
792 2541 824 2582 eo
842 2530 981 2586 audierat?
1010 2530 1064 2596 Quid

238 2601 377 2665 exempta,
395 2604 505 2680 uirtutes
523 2611 550 2660 et
566 2613 713 2678 miracuta,
742 2626 808 2679 quae
826 2616 859 2669 ab
878 2616 936 2681 ipso
955 2619 1064 2672 viderat?

238 2685 303 2749 ouid
320 2688 432 2742 societas
450 2694 650 2754 Apostolorum?
677 2698 741 2761 Quid
768 2700 853 2763 gratia
877 2702 902 2753 ei
922 2704 1020 2757 ooiiata
1036 2702 1063 2755 ad

237 2772 451 2840 praedicandum,
471 2782 499 2831 et
516 2779 549 2831 ad
562 2782 689 2836 miracula
701 2784 867 2839 iaciendum?
885 2788 950 2842 iiam
970 2792 995 2843 ei
1013 2800 1064 2843 cum

237 2858 297 2911 aliis
314 2861 445 2923 donatoris
463 2862 543 2917 dixit:
562 2865 659 2921 Eunias
677 2870 837 2935 praedicate,
858 2872 992 2929 dieentes:
1011 2877 1063 2942 quia

236 2946 456 3010 appropinquarit
488 2960 598 3012 regnunt
634 2956 773 3009 coelorum.
799 2956 942 3013 ¹iudrnros
969 2966 1089 3025 eurota·

238 3034 354 3083 mortuus
372 3032 506 3097 suscitate,
526 3035 643 3098 leprosos
660 3041 797 3105 mundate,
818 3043 959 3100 daemones
978 3048 1063 3112 eiioite·

237 3116 350 3174 (iiottd.
373 3112 416 3182 10,
436 3117 461 3169 i.
478 3118 520 3180 8.)
