2384 3759
555 381 573 436 ὗ

143 525 273 588 seipsum,
293 524 343 576 hoc
361 526 415 575 esi:
435 522 462 574 iu
480 523 541 586 Deo,
562 523 593 576 ei
613 525 702 586 Deum,
724 529 751 577 et
768 529 875 591 propter
890 527 985 580 iteum.

142 611 188 664 Sin
207 611 279 662 enim
297 610 378 662 dehet
395 611 574 674 uuusquisque
593 609 706 673 diligere
723 612 884 675 ominium,
913 614 985 667 sieut

143 697 272 761 seipsum.
309 695 373 758 onio
400 695 470 747 siout
496 694 546 747 sibi
564 694 698 747 desiderat
715 707 792 748 omne
809 695 925 760 bouum,
956 702 986 751 et

144 782 215 848 rugit
232 792 309 834 omne
327 780 437 841 mnium,
457 779 496 830 eie
514 779 595 832 reciet
614 780 736 842 proximo
754 793 811 833 suo.
830 782 876 834 Vei
895 785 981 837 uiiter.

142 869 220 923 sieut
236 867 415 931 unusquisque
433 864 528 918 bonum
541 867 672 930 proprium
686 865 713 918 iu
725 877 834 930 corpore
845 871 872 919 et
885 869 983 931 enine,

143 955 173 1007 in
190 954 273 1006 rebus
291 953 434 1004 ethonore
453 951 554 1016 eiiiiffl't:
574 958 603 1003 et
619 951 687 1004 sieut
699 953 879 1017 uuusquisque
896 953 924 1005 iu
942 954 985 1005 iis

143 1044 261 1105 quotuor
285 1039 354 1102 rugit
380 1042 407 1090 et
427 1038 483 1091 odii
500 1049 577 1090 omne
595 1039 694 1090 mulum
713 1041 848 1102 proprium
866 1044 893 1092 et
910 1039 986 1093 den·

144 1137 220 1188 num,
240 1125 281 1177 sie
292 1123 403 1189 quilibet
423 1123 592 1177 ineisomue
610 1124 707 1176 bouum
725 1128 779 1178 turn
798 1125 886 1186 eunici,
906 1135 985 1191 quein

145 1211 249 1264 inimici
268 1209 347 1263 debet
364 1210 489 1274 diligere,
518 1215 546 1262 et
563 1221 640 1263 omne
658 1211 781 1264 domuum
800 1211 891 1274 odire,
921 1213 984 1265 iicet

145 1308 181 1349 ex
198 1299 341 1360 praecepio
360 1307 412 1348 non
429 1297 541 1358 tuntum,
561 1309 611 1349 nee
629 1302 681 1348 tem
699 1297 824 1351 ardenter
841 1299 874 1350 ed
891 1296 984 1363 proxi·

145 1393 220 1435 urum
238 1382 339 1434 moueri
358 1385 487 1442 teneatur,
507 1384 634 1445 euentum
652 1381 685 1432 au
702 1383 881 1446 semetipsum.

217 1468 257 1520 iix
274 1478 362 1520 eruore
380 1467 460 1518 nmini
477 1479 530 1518 uon
548 1471 634 1530 potest
645 1478 707 1520 vere
719 1469 832 1521 eueritus
844 1467 983 1534 perpendi.

146 1553 214 1606 iiam
242 1555 271 1603 et
287 1551 337 1616 ipsi
356 1551 454 1604 ethnici
473 1563 517 1604 eos
536 1551 667 1616 diligunt,
695 1555 739 1618 uui
756 1565 787 1607 se
804 1558 901 1608 emeui.
931 1553 983 1608 Sed

147 1639 175 1690 in
194 1648 286 1690 umore
303 1636 402 1690 inimici
422 1649 483 1690 uere
502 1637 616 1699 eiuritue
634 1639 813 1702 perpenditur.
846 1642 984 1692 umente·

145 1723 217 1777 euim
237 1722 357 1787 diligere,
377 1727 486 1775 ueturue
503 1729 557 1786 eet3
584 1724 654 1788 quod
677 1735 732 1776 uon
750 1730 791 1776 eet
808 1725 981 1776 meritorium.

145 1810 202 1863 iion
231 1813 363 1862 umentem
382 1821 445 1862 uero
464 1807 591 1872 diligere,
620 1810 721 1874 metite
738 1815 788 1862 est.
826 1809 878 1862 seri
897 1809 985 1861 niune

145 1895 322 1949 ereeiieutins
334 1895 503 1960 perpenditur
515 1894 613 1948 ventus
624 1896 762 1948 einritetie
778 1894 811 1946 eu
823 1894 983 1958 proximum,

144 1981 173 2034 in
193 1981 288 2034 Gioeeu
305 1991 384 2043 super
402 1983 570 2042 matthaeum,
590 1991 658 2044 quoe
676 1979 756 2032 dieit:
775 1982 910 2033 umentem
922 1980 985 2034 iiii·

143 2077 227 2132 gere,
255 2070 366 2118 naturae
392 2071 446 2118 est:
475 2077 528 2118 non
555 2069 688 2117 ementem
715 2075 779 2118 uero
797 2062 931 2118 benefieiis
948 2065 983 2118 ee

143 2163 262 2206 aurorem
291 2151 441 2215 attrahere,
471 2149 642 2216 perfeetionis
671 2153 720 2202 eet
757 2149 789 2204 it
817 2151 881 2204 lieet
905 2160 985 2205 uerno

143 2241 270 2292 tenentur
287 2247 321 2291 ex
338 2239 487 2302 praeconio,
508 2241 610 2289 tuntum
629 2239 721 2288 eitum
739 2237 873 2290 ferventer
895 2238 984 2291 initui·

143 2335 204 2378 eum
225 2323 344 2388 diligere,
362 2327 489 2388 ouuuturn
508 2322 637 2384 ominum
659 2323 725 2376 ieiix
742 2328 831 2377 nmen
849 2331 936 2387 esset.
955 2328 986 2378 et

143 2421 249 2464 summe
266 2409 411 2473 periectos,
428 2407 473 2473 qui
491 2412 604 2472 tuntum,
623 2411 729 2472 eteius
747 2413 837 2474 nosset
859 2410 981 2475 diligere,

143 2499 174 2548 et
191 2507 274 2558 onere
291 2494 427 2548 eueritetis
445 2494 571 2548 exiliere
590 2495 710 2558 inimico.
731 2501 856 2562 quantum
879 2497 979 2559 emino:

143 2581 299 2644 eorrinienti
316 2583 344 2633 et
361 2580 515 2643 corrigenti,
545 2585 670 2647 quantun
688 2583 849 2647 oiunuieuti;
876 2583 981 2646 ritune·

142 2667 225 2727 renti,
247 2669 373 2732 euentum
393 2666 523 2720 leuduuti.
561 2669 626 2730 onie
651 2671 720 2722 teste
736 2670 765 2724 ii.
786 2671 978 2732 cumoetono:

145 2753 219 2808 iiiiii
236 2755 323 2806 eutem
342 2757 391 2816 est,
411 2754 480 2818 quod
497 2753 537 2806 sie
547 2754 595 2807 itei
612 2754 713 2808 simiies
730 2755 819 2818 reciet,
838 2758 870 2807 ut
885 2754 981 2818 inuiis·

144 2839 187 2893 nis
204 2843 284 2902 atoue
303 2839 467 2893 lueueutiuus
486 2851 543 2892 esee
561 2839 726 2903 niaeeoiienr.
754 2839 803 2892 i’ro
821 2845 893 2894 uerto
910 2839 982 2892 enirn

145 2923 272 2989 melonem
290 2925 401 2989 mtrem
420 2929 447 2978 et
464 2925 575 2990 glorium
593 2929 797 2990 consequeretur
814 2937 847 2978 er
859 2933 984 2989 perseeu-

145 3011 237 3072 tione,
258 3020 335 3076 qunrn
354 3023 388 3064 ex
406 3011 511 3076 inrore;
541 3014 564 3066 si
582 3013 660 3066 modo
676 3011 767 3065 uetito
784 3011 863 3062 sciret
880 3019 913 3059 ee
929 3005 978 3058 uti.

146 3095 190 3150 Sie
207 3095 305 3148 sanetis
323 3096 477 3158 iiertyrions
504 3095 588 3151 multo
606 3097 691 3161 nugis
708 3093 863 3158 proruerunt
880 3088 982 3138 inimici

147 3183 180 3235 uti
198 3186 333 3236 ueternum
350 3182 474 3247 glorium,
494 3195 572 3249 quem
590 3183 677 3236 enini.
