2384 3759
534 367 644 443 aa·

132 510 264 564 Similiter
291 506 447 571 colloquium
474 507 524 560 viri
554 507 691 560 mulierem
719 507 872 562 inflammat.
904 511 969 562 item

132 593 251 657 diligens
282 589 456 643 consideratio
486 591 605 642 incessus
633 594 662 642 et
687 591 786 647 formae
809 595 918 648 alterius
935 595 969 648 ad

132 677 328 742 impudicitiam
347 680 480 739 provocat.
511 676 593 744 Quod
610 676 747 730 dissuadet
762 680 968 744 Ecclesiasticus,
994 738 999 748 ,

84 817 85 820 ,
132 765 242 818 dicens:
263 763 396 836 Virginem
415 773 448 814 ne
466 763 627 826 consulates,
646 775 681 816 ue
699 765 766 818 rorte
783 766 970 820 scandalizeris

132 852 278 905 indecore
306 849 387 901 illius.
421 847 522 912 (docti.
543 845 569 910 9,
588 845 632 909 5.)
663 851 735 903 ldem
753 851 897 904 cavendam
914 853 971 905 roe·

133 938 224 990 minae
244 935 400 996 advirum,
432 945 466 987 ne
493 935 526 986 de
544 935 601 988 ulra
618 937 732 999 conlui,
764 941 790 990 et
807 937 840 988 ad
860 949 919 989 eune
937 947 972 989 ne

133 1023 226 1076 mulos
257 1022 368 1073 babeat:
400 1025 427 1072 et
454 1019 506 1072 viri
536 1019 569 1072 ad
595 1021 738 1074 loemlnam
756 1022 886 1075 similiter.
917 1021 972 1076 lloc

133 1109 243 1162 salubre
262 1105 400 1158 consilium
418 1103 576 1170 sequebatur
591 1106 653 1159 lob:
680 1108 780 1172 Ρερὶςί,
798 1107 896 1172 inquit,
915 1107 972 1161 iou

133 1195 183 1248 dus
213 1203 275 1246 cum
296 1191 500 1254 oculismels,
530 1195 560 1244 ut
586 1203 619 1245 ne
648 1193 792 1258 comunem
814 1195 919 1260 quidem
937 1193 971 1247 dc

135 1281 250 1344 uirgine.
282 1277 359 1342 (lob.
380 1274 484 1339 31,1.)
514 1278 586 1340 Quod
612 1279 673 1343 ulus
691 1285 748 1346 est,
779 1293 856 1346 quarn
885 1281 971 1334 solum

135 1377 235 1420 utere
254 1377 270 1417 a
289 1367 419 1418 conventu
437 1363 597 1427 uirginum·

480 1523 635 1536 m

429 1677 584 1752 CAPUT
608 1682 687 1748 VII.

355 1817 414 1876 lle
445 1819 763 1876 abstinentia.
936 1898 945 1934 1

209 1958 236 2012 1.
256 1959 417 2012 sustinentia
444 1971 506 2014 uera
524 1963 552 2012 et
568 1961 686 2024 perlecta
703 1963 762 2020 est,
793 1958 894 2009 tautum
913 1966 977 2010 usus

135 2046 367 2108 necessariorum,
396 2047 481 2098 uictus
499 2051 526 2099 et
543 2046 672 2106 uestitus,
701 2048 729 2098 et
746 2043 896 2097 omnimoda
914 2044 977 2097 sub·

135 2135 235 2190 tractio
265 2131 461 2186 delectabilium
486 2135 513 2184 et
530 2131 739 2196 superduomm,
769 2139 878 2193 eorum,
910 2139 977 2195 uuae

136 2222 225 2274 multa
242 2219 382 2282 diligentia
400 2217 484 2281 bunt,
513 2223 540 2271 et
558 2217 661 2280 magnis
677 2215 805 2269 sumtibus
823 2227 978 2280 comparan-

136 2312 190 2369 tur,
210 2306 333 2368 euemolb
351 2305 377 2358 s.
397 2304 503 2357 loannis
520 2304 672 2366 Baptistae,
696 2302 741 2368 oui
759 2304 873 2355 locustas
889 2315 989 2367 cotere-¹

137 2395 187 2454 dit,
209 2394 238 2444 et
254 2391 318 2446 lolia
337 2391 458 2442 arborum
477 2391 630 2451 lactearum,
649 2399 769 2452 saporem
779 2388 866 2440 mellis
877 2374 994 2441 baben?

136 2482 199 2544 tia,
233 2480 260 2531 at
291 2487 384 2542 aonam
414 2475 498 2536 bibit,
524 2479 551 2528 et
568 2477 669 2527 vestem
687 2473 720 2526 de
737 2474 799 2538 ollis
817 2475 977 2529 camelorum

137 2563 242 2620 babuit.
263 2563 336 2616 llnde
353 2561 507 2626 apostolas:
536 2559 668 2613 Habentes
685 2559 820 2621 alimenta,
838 2564 867 2612 et
883 2561 978 2625 quibus

137 2655 280 2715 mmor,
308 2649 349 2701 bis
375 2648 491 2700 conteni
522 2648 617 2711 simus3
651 2644 689 2709 (l.
710 2647 778 2699 itm.
798 2642 825 2708 6,
844 2641 892 2707 8.)
916 2638 979 2711 qula

136 2749 232 2792 sersus
241 2735 288 2790 liei
306 2746 359 2787 non
377 2734 456 2787 debet
475 2731 571 2785 babere
588 2733 773 2784 resumentum
792 2728 825 2784 ad
844 2733 975 2796 decorem,

137 2825 184 2878 rai
203 2823 237 2876 ad
252 2821 472 2882 delectationem,
500 2817 547 2870 sed
570 2817 604 2869 ad
621 2818 764 2882 tegendum
781 2829 855 2870 suam
874 2818 979 2870 nudita-

136 2909 212 2970 tem,
245 2906 313 2960 slcut
342 2905 406 2958 dicit
436 2905 525 2958 Glossa
555 2903 686 2956 ordinaria
712 2905 739 2956 ln
756 2905 917 2956 llattbaenm
945 2903 980 2953 de
1029 2941 1036 2952 .

138 2997 215 3048 ueste
232 2994 350 3046 loannis.
908 3004 912 3013 a
979 2988 981 2991 ’

209 3076 236 3132 2.
258 3078 308 3131 lile
336 3089 425 3130 veram
452 3075 639 3130 abstinentiam
659 3078 758 3143 ¹seruat
775 3075 906 3129 elamat,
936 3071 980 3131 aul

137 3177 196 3218 noa
214 3165 301 3216 solum
321 3163 434 3216 ilbenter
452 3161 566 3214 abstinet
584 3173 600 3212 a
620 3156 830 3211 delectabilibus,
850 3161 916 3211 uuae
928 3160 981 3202 non
