2384 3759
639 326 673 381 iu

234 476 314 540 lunia
332 472 411 527 iliud:
434 471 521 523 biam
539 467 660 532 reputavi
678 478 804 527 errorum·⁸
837 468 865 519 et
881 466 984 531 gaudio
1005 467 1084 519 diri:

237 558 304 624 qnid
322 558 418 609 trustra
435 554 579 619 deciperist
607 553 713 618 (docio
733 549 759 614 2,
778 550 818 612 2.)
844 552 875 604 ut
893 550 977 605 alibi:
1007 552 1087 606 iliam

239 644 334 696 dolore
359 642 529 705 miscebitur,
558 643 585 691 et
603 642 719 691 extrem
741 636 830 700 rendli
849 637 937 691 luctus
956 643 1084 702 occupat

239 728 340 794 (hoo.
353 724 462 792 1213.)
486 728 517 780 iit
533 723 671 779 Psalmista
688 723 726 775 sio
745 722 860 787 loquitor
877 721 910 775 ad
923 723 1085 775 Dominum:

239 814 325 868 iidbti
350 813 520 867 observantes
543 810 674 863 vanitates
692 820 863 872 supervacue.
891 806 954 872 (Pa.
976 806 1025 871 30,
1048 806 1086 873 7.)

242 902 276 954 ut
300 900 441 964 praecipue
467 895 635 951 comminatio
653 894 715 947 iesu
732 894 847 956 cbristi,
868 893 998 946 dicentis:
1034 896 1086 946 vac

243 986 336 1049 vobis,
367 985 412 1049 oni
439 982 531 1036 ridetis
560 991 648 1047 nuno,
679 980 752 1045 quia.
767 979 891 1043 lugebitis
918 983 946 1031 et
973 980 1084 1033 debitis

241 1070 327 1136 (ch-
347 1066 373 1133 6,
392 1067 449 1129 ib)
930 1128 935 1135 .

315 1157 398 1216 ilem,
435 1152 495 1218 qula
524 1153 636 1204 multum
665 1150 793 1203 abstrahit
822 1162 1040 1217 unumquemque
1071 1165 1085 1203 a

243 1240 424 1294 familiaritate
449 1237 512 1301 bei,
543 1242 571 1289 et
596 1237 707 1289 obstruit
734 1241 847 1289 mentem
874 1240 1085 1301 aperoeplioue

242 1326 397 1391 gratiarnm.

315 1407 340 1461 3.
361 1412 547 1473 Argumentum
564 1418 642 1484 verae
661 1396 817 1460 maturitatis
840 1406 936 1469 babet,
966 1410 1015 1473 pul
1038 1422 1085 1461 nec

242 1494 332 1548 verbis
351 1494 449 1556 otiosis,
469 1505 517 1547 neo
536 1494 630 1557 iactis,
650 1504 699 1545 neo
716 1493 816 1557 signis,
836 1505 884 1546 neo
903 1493 1014 1547 incessu
1034 1496 1085 1547 dis·

242 1582 349 1643 soluto,
377 1592 426 1633 nec
449 1578 536 1646 aliqua
564 1580 699 1633 occasione
717 1591 873 1644 quemquam
892 1578 924 1631 ad
943 1580 1084 1633 levitatem

244 1668 378 1732 provocat,
397 1667 444 1719 sed
462 1676 564 1730 semper
581 1666 610 1718 in
627 1677 673 1729 se,
702 1669 729 1718 et
746 1666 774 1718 lu
802 1665 861 1717 allis
879 1665 1085 1719 dissolutionem

243 1766 282 1806 ex
298 1753 376 1806 corde
394 1753 546 1806 detestatur.
577 1750 669 1805 omnia
687 1750 747 1803 ioca
764 1752 839 1815 vitat,
870 1751 898 1802 in
916 1751 1014 1815 ouibus
1032 1752 1085 1805 dis

242 1840 314 1893 soivl
340 1842 438 1904 potest:
467 1832 585 1903 rupitque
614 1847 703 1889 omnes
721 1838 839 1890 homines
858 1835 1021 1899 dissolutos,
1059 1844 1086 1891 nt

245 1925 424 1979 maturitatem
434 1927 587 1986 conservet;
606 1922 701 1986 solens,
720 1922 843 1988 duodoni
856 1923 973 1987 tetigerit
983 1925 1084 1987 picem,

246 2010 426 2076 inquinabitur
443 2008 477 2061 ab
493 2019 535 2061 ea.
553 2006 655 2070 (dccli.
676 2003 718 2071 13,
739 2004 774 2071 1.)
794 2009 824 2060 Et
841 2008 885 2073 oni
904 2012 1086 2062 communicat

244 2109 277 2150 se
307 2095 449 2158 dissolutis
479 2089 676 2146 dissolutionem
705 2105 758 2146 non
784 2094 899 2159 effugiet.
932 2096 1005 2147 Talis
1036 2095 1085 2147 urit

246 2184 277 2235 u.
296 2183 361 2243 iob,
393 2182 438 2246 qni
463 2183 518 2233 tam
544 2179 742 2241 maternorum,
774 2181 842 2245 qnod
862 2180 943 2232 etiam
962 2181 1085 2234 dissoluti

246 2268 427 2333 praesentiam
445 2267 500 2331 dns
518 2266 654 2331 lugerent,
683 2266 825 2330 sicutipse
844 2266 925 2319 dicit:
954 2266 1086 2319 indebant

248 2364 292 2405 me
305 2352 430 2416 iuvenea-
446 2357 473 2404 et
490 2352 725 2404 abscondebantur.
758 2342 826 2414 (lod
843 2346 888 2413 29,
908 2346 950 2409 8.)
977 2353 1012 2403 iit
1030 2356 1085 2404 tan·

248 2443 304 2490 tam
322 2436 414 2490 babuit
430 2437 644 2489 consuetudinem
663 2437 837 2499 maturitatis,
856 2436 943 2501 quod,
962 2437 985 2489 si
1007 2450 1085 2502 oppo-

246 2524 329 2575 sitnm
359 2523 387 2575 in
417 2534 448 2575 eo
477 2522 604 2586 vidisset,
636 2534 712 2575 nemo
740 2521 901 2577 credidisset.
935 2522 1011 2575 [inde
1031 2524 1085 2588 ipse

248 2608 327 2661 dicit:
347 2609 498 2673 siquando
517 2609 634 2661 ridebam
654 2609 687 2660 ud
706 2618 768 2669 eos,
785 2602 851 2659 'non
869 2606 1029 2661 credebant:
1061 2612 1086 2661 et

248 2695 298 2747 lun
315 2696 404 2747 vultus
421 2693 474 2746 mel
491 2704 543 2747 non
562 2693 674 2746 cadebat
695 2692 723 2743 in
740 2696 845 2745 terram.
875 2688 944 2755 (lod
961 2689 1007 2757 29,
1027 2690 1085 2751 ul.)

319 2779 347 2833 4.
369 2783 553 2844 Argumentum
571 2779 688 2832 levitatis
706 2778 794 2841 babet,
814 2778 856 2842 oui
876 2789 974 2841 pronus
994 2784 1036 2832 est
1054 2780 1085 2831 ad

248 2866 407 2928 ridendum,
434 2864 539 2927 jocosus
568 2863 718 2926 inverbls,
751 2864 892 2916 dissolutus
911 2863 939 2915 in
957 2865 1083 2928 moribus,

249 2952 382 3005 dimoiuta
398 2951 455 3002 loca
473 2948 652 3012 frequentans,
673 2952 700 3001 et
717 2950 869 3013 nequenter
879 2960 938 3002 cum
950 2949 1085 3003 dissolutis

249 3038 390 3091 ambulans
407 3033 576 3093 etbabitans,
597 3033 640 3097 oui
659 3034 725 3099 iuglt
743 3036 859 3088 maturos
877 3036 1009 3100 domines,
1029 3048 1085 3101 gra-

252 3122 343 3188 viapne
370 3125 411 3176 est
439 3120 464 3174 ei
492 3118 631 3172 maturitas
648 3119 681 3172 ad
699 3120 859 3185 videndum,
890 3122 1021 3184 credens,
1053 3135 1085 3175 er
