2384 3759
520 349 554 406 ut

106 499 183 552 num,
207 491 312 542 tantum
330 492 436 554 propter
453 491 563 544 luteum.
602 492 671 546 Talis
687 495 757 548 enim
774 495 886 548 selentia
902 509 957 550 nan

103 573 261 636 aedificat,
291 574 338 626 sed
365 575 450 628 indat.
488 576 552 628 Item
579 581 694 629 astutum
716 591 775 632 ense
795 580 824 632 in
841 583 957 646 negotiis

106 657 315 721 saecularibus,
341 660 434 712 falsam
459 660 559 714 indicet
580 663 754 726 prudentiam.
796 667 851 718 lanu
873 669 956 720 stulta

106 751 172 810 est,
203 749 274 799 teste
292 746 431 808 inustum,
460 747 504 811 uui
531 747 580 800 ait:
607 749 742 812 sapientia
768 751 847 802 nulus
863 753 956 804 tnundi

107 831 230 884 stultitia
250 834 293 882 est
310 830 380 894 apud
397 831 489 884 lieunn.
508 832 545 893 (l.
565 834 628 886 Uer.
646 834 673 897 3,
694 831 753 898 19.)
787 836 876 898 Tales,
892 838 956 900 luen,

107 917 192 970 multi
220 923 298 968 sunt:
326 917 385 968 ideo
413 919 582 982 conqueritur
599 919 721 973 Dominus
738 922 831 985 lesus,
851 923 955 974 dicens:

106 1002 174 1056 Filii
194 1001 276 1054 huius
294 1001 392 1054 saeculi
419 1003 602 1065 prudentiores
624 1004 687 1058 liliis
709 1006 776 1058 lueis
797 1007 826 1058 in
847 1018 958 1071 genera·

108 1091 186 1142 tione
206 1099 257 1140 sua
274 1091 345 1140 sunt.
365 1082 450 1149 (Inte.
471 1087 513 1150 16,
533 1085 575 1152 8.)
610 1092 675 1144 liena
694 1092 741 1144 aiil
761 1091 872 1145 subtiles
894 1095 958 1144 sunt

108 1175 147 1228 ad
176 1173 384 1236 excogitandum
403 1175 553 1238 nequitias,
580 1177 607 1226 et
632 1188 715 1229 nouae
738 1177 955 1240 adinventionem

105 1261 160 1316 sed
179 1260 257 1314 caeci
274 1264 336 1314 suut
353 1261 387 1314 ad
405 1261 624 1314 considerandum
649 1264 810 1316 veluntatem
828 1265 884 1318 liei.
918 1263 957 1317 lie

108 1347 215 1402 talibus
235 1345 301 1398 dieii
311 1347 450 1400 ieremias:
468 1347 607 1410 sapientes
623 1354 694 1413 eunt,
713 1355 743 1402 nt
759 1351 856 1404 laniant
872 1352 955 1404 mala:

107 1434 182 1486 liene
202 1437 295 1485 autent
313 1433 399 1485 latere
417 1433 576 1486 nescierunt.
601 1435 717 1496 (luem.
735 1433 762 1498 t,
779 1433 840 1496 tu.)
861 1432 953 1498 Tales,

108 1522 142 1572 nt
160 1519 232 1572 dicit
248 1519 396 1581 Apostolus,
416 1519 532 1572 dicentes
551 1521 591 1580 (et
609 1521 771 1583 eredentes.)
788 1533 817 1574 se
835 1533 896 1575 etse
912 1534 956 1574 sa*

108 1605 231 1671 nienteS,
252 1605 326 1658 stulti
345 1605 409 1658 laeti
427 1608 495 1658 sunt.
517 1605 610 1666 (Rom.
630 1607 656 1669 1,
674 1603 735 1669 22.)

459 1775 615 1788 *-

303 1885 308 1894 ’
417 1911 659 1986 Onnum.
811 1991 815 1997 ,

336 2053 396 2110 lie
427 2053 741 2110 fertitudine.

185 2204 213 2258 1.
243 2204 374 2268 lentitudo
401 2217 463 2258 vern
490 2207 568 2267 atnue
594 2204 712 2269 nerleeta
738 2205 797 2264 est,
825 2201 956 2254 dominari

110 2294 206 2346 anime
226 2301 284 2350 sue,
304 2301 362 2344 eunt
382 2294 498 2342 tentatur
516 2289 618 2342 animus
641 2303 658 2342 a
674 2288 814 2354 superbia,
842 2287 954 2351 inuidia,

109 2379 166 2440 ira,
188 2375 463 2439 luxaria‚ava1itia,
493 2387 562 2428 vana
588 2377 691 2439 glorie,
719 2374 910 2440 commanentia
928 2379 959 2428 et

109 2464 295 2518 delectatione
321 2463 439 2525 carnali,
467 2467 495 2515 et
521 2463 588 2514 ratio
615 2463 766 2527 intelligens
790 2471 956 2526 nequaquan

111 2551 259 2611 censentit,
280 2549 325 2601 sed
344 2549 432 2602 statim
451 2549 578 2612 reprimit.
618 2540 781 2604 Undeillnd:
800 2549 954 2612 ttettoreet,

111 2637 158 2700 qni
179 2635 333 2686 dominatur
351 2635 438 2688 anlmn
457 2647 515 2698 sue,
535 2640 712 2700 expugnatore
724 2635 838 2688 urbium.
859 2635 955 2697 (Pron.

113 2719 166 2786 16,
197 2717 260 2782 32.)
297 2721 368 2774 ilaue
395 2721 574 2774 lentitudinem
596 2724 707 2775 sennenn
728 2722 885 2775 fortissimus
903 2731 955 2774 nnn

113 2808 230 2870 habuit,
260 2808 324 2860 litet
342 2808 444 2860 leonem
465 2808 652 2868 dilaniaverit,
679 2811 783 2863 etcum
800 2807 955 2860 mandibula

111 2893 183 2946 esini
204 2891 280 2946 nnille
298 2893 368 2944 uites
386 2894 522 2954 straverit;
544 2895 606 2957 quia
621 2898 680 2955 nusi
697 2898 804 2957 niuniu
819 2893 958 2955 ennennie-
1009 2948 1011 2952 ,

113 2980 233 3033 dentiam
251 2978 371 3032 mulieris
390 2980 461 3032 omni
480 2980 634 3032 fortitudine
651 2980 771 3042 priuatus
788 2982 838 3031 est.

186 3064 213 3118 2.
235 3065 286 3118 lile
304 3073 393 3116 uenatu
412 3065 592 3118 fortitudinem
614 3064 706 3127 inaltet,
729 3064 775 3128 qai
797 3065 830 3113 att
852 3059 957 3110 illicitis

113 3152 238 3204 membre
255 3161 305 3202 sua
321 3161 464 3214 sensusque
482 3161 543 3202 suns
561 3149 695 3213 reprimit.
724 3147 800 3198 illam
811 3141 957 3194 liaeidnen
