2384 3759
539 328 575 384 19

132 448 290 521 maturitate
319 464 497 519 infirmitatem
526 468 645 533 eorporis
678 470 719 523 sai
745 472 861 527 evenire.
904 474 975 529 lalls

131 552 295 606 describitur
312 551 340 605 io
357 552 529 606 Ecclesiaste:
550 553 669 618 Laetare,
689 554 804 622 lavania
824 559 851 612 ln
869 559 975 614 adoles·

130 637 220 691 centia
239 642 304 701 tua,
333 640 362 691 et
378 638 406 691 in
433 637 501 691 bono
519 638 554 691 sit
571 650 617 691 cor
634 642 708 694 tuom
727 642 754 695 in
772 642 865 697 illatus
879 642 974 707 iocen-

131 724 196 776 tatia
214 726 289 787 toae,
309 714 341 777 et'
353 723 464 776 ambula
481 723 509 775 io
527 724 576 777 viis
594 725 681 777 coriis
697 727 755 789 tol,
783 732 811 780 et
831 727 859 780 io
877 730 974 783 intuita

131 810 270 863 oculorum
301 813 425 872 tooraon
456 811 483 863 et
507 808 591 873 scito,
624 812 692 875 coco
719 824 767 875 pro
793 812 915 867 omnious
931 814 974 867 lala

130 893 247 946 addocet
263 897 291 947 te
309 894 378 947 ileos
396 894 426 947 io
440 894 577 959 iodicium.
601 894 708 960 (acle.
728 893 772 962 11,
790 893 834 957 9.)

407 1297 705 1369 caluom

335 1434 397 1493 lie
426 1437 769 1510 simplieitatc.

201 1581 229 1631 1.
250 1577 412 1641 Simplicitas
430 1590 493 1631 vera
510 1583 538 1631 et
555 1580 672 1643 perrecin
690 1585 745 1644 est,
764 1584 896 1637 neminem
915 1587 972 1638 laa-

130 1666 203 1726 dera‚
223 1663 274 1717 secl
292 1664 414 1717 cmoicus
432 1664 577 1729 proicere:
604 1666 672 1719 sicot
698 1666 763 1721 dicit
782 1669 872 1723 Glossa
890 1680 972 1732 super

130 1751 284 1816 pernicies.
306 1750 375 1805 llaec
394 1753 434 1803 ost
451 1751 535 1816 prima
553 1752 645 1816 rinos,
665 1752 698 1805 aie
710 1764 761 1817 oua
773 1754 972 1807 commendator

128 1838 192 1891 loll:
224 1833 271 1888 Vir
289 1840 346 1889 erat
363 1837 390 1891 ia
408 1835 479 1907 terra
496 1838 560 1901 llas,
591 1838 696 1891 nomine
713 1839 779 1901 loo,
811 1842 838 1891 et
855 1842 914 1892 erat
931 1840 974 1891 vir

129 1923 176 1976 ille
195 1923 312 1986 simplex
329 1926 356 1975 et
373 1925 479 1989 raetos3
501 1921 571 1986 (lot
589 1921 615 1989 1,
636 1921 675 1989 1.)
705 1924 780 1990 quasi
806 1926 974 1988 praecellens

129 2010 158 2062 io
177 2021 211 2062 ea
230 2010 423 2074 praecaeteris
447 2010 596 2063 virtutibus.
635 2012 707 2064 llacc
733 2011 868 2075 praecepit
885 2012 973 2064 liomi·

130 2083 198 2160 aas,
232 2106 293 2147 cam
318 2097 435 2148 mitteret
452 2098 587 2159 Apostolos
615 2097 814 2166 ipooiversum
833 2098 971 2164 monrium,

129 2182 166 2233 acl
202 2179 333 2233 unitatem
367 2180 514 2233 catholicae
542 2180 604 2235 illici
634 2194 780 2237 convocare
810 2185 970 2251 incredulos,

129 2268 242 2321 diceas:
271 2267 358 2319 listcte
376 2267 519 2331 proiectos
536 2269 605 2321 sicot
622 2272 774 2332 serpentes,
794 2274 821 2323 et
837 2270 972 2335 simplices

128 2353 203 2407 sicin
220 2351 374 2405 colombae:
404 2350 519 2415 (latit.
537 2349 584 2419 10,
605 2349 661 2413 16.)
688 2353 733 2405 obi
752 2355 891 2418 prooemia
907 2359 971 2411 sim·

130 2437 249 2505 plicitati
267 2437 439 2501 conjungitur.
471 2439 536 2491 Nam
563 2439 703 2502 prudentia
725 2440 783 2492 sice
800 2441 972 2505 simplicitate

130 2524 268 2577 calliditas
297 2525 356 2587 est;
386 2527 414 2575 et
441 2524 597 2589 simplicitas
624 2524 684 2579 sine
700 2525 839 2589 prudentia
857 2530 970 2583 stultitia

129 2615 183 2663 ost
216 2609 344 2663 colomba
362 2620 411 2662 nec
428 2614 524 2674 rostro,
544 2622 698 2675 nec-ungue
717 2611 812 2665 laedit:
844 2614 881 2666 ita
909 2628 971 2669 vere

128 2696 248 2760 simplex
265 2706 315 2747 nec
332 2695 422 2757 carlo,
440 2706 489 2749 aec
507 2706 586 2759 opere
604 2698 691 2748 nocet.

203 2776 231 2831 2.
248 2780 314 2833 vere
332 2779 378 2833 ille
396 2780 591 2845 simplicitatem
610 2782 706 2847 diligit,
725 2784 770 2849 qui
788 2796 842 2839 non
859 2798 971 2849 oaoopa·

131 2872 177 2923 tur
206 2867 278 2920 circa
294 2868 395 2931 molta,
426 2868 496 2921 sicot
513 2870 623 2921 llartlac.
656 2870 720 2922 liam
739 2870 776 2923 ilii
793 2871 880 2934 plicae
897 2874 969 2934 sont,

131 2952 180 3005 obl
198 2952 285 3017 plura.
315 2952 368 3005 sei
393 2956 496 3006 tactum
518 2957 737 3020 commonuerit,
764 2956 797 3008 de
815 2968 867 3020 qao
884 2956 971 3008 comi·

131 3050 201 3092 aas:
233 3038 312 3091 i’orro
339 3050 420 3091 onom
450 3042 491 3093 ast
519 3042 703 3095 necessarium.
737 3041 820 3105 (loc.
841 3037 885 3101 10,
912 3035 972 3103 42.)

131 3126 171 3179 lie
188 3125 241 3190 ooo
260 3124 382 3178 laudator
400 3125 500 3189 llario,
528 3137 596 3190 coac
615 3126 739 3190 optimam
758 3124 859 3187 partera
877 3123 969 3187 elesii,
