2384 3759
218 493 304 560 mann
322 500 349 548 et
365 493 493 558 iunianis,
521 493 584 548 lieet
607 507 659 548 non
677 495 710 548 alo
729 495 849 558 omnious
868 496 977 550 elleelus
994 512 1049 552 sus·
1098 498 1099 544 l

218 581 330 644 eipiatur
358 580 484 644 aequalis.
522 580 585 632 llam
613 581 706 646 dignus
733 582 842 634 euectus
861 583 988 638 bonitalis
1006 585 1049 638 liei
1099 582 1100 636 l

218 666 335 730 suscipit,
352 665 476 730 indignus
487 666 637 720 seueritatis
649 668 798 731 exemplum
817 668 849 720 tle
865 670 924 722 sole
937 672 965 723 et
976 673 1050 724 oeulo
1100 668 1101 722 t

218 763 297 816 aeuo
316 757 343 806 et
358 764 432 805 sano.
470 753 548 806 llota:
577 753 646 818 quod
667 765 792 818 magnum
816 758 857 806 est
874 755 939 808 dare
957 768 1050 822 magna
1101 754 1102 802 l

219 840 287 892 oona
305 839 430 903 proximis
449 839 594 906 elamitis,
613 841 711 904 majus:
741 840 804 894 dare
821 843 905 894 seruis
924 847 953 896 et
971 844 1049 896 anoll·
1102 838 1103 860 ¹

219 928 262 991 lis,
282 927 441 979 marimum:
461 924 556 989 igneus
569 930 596 977 et
608 926 763 990 peregrinis3
784 926 831 978 sed
849 929 943 980 nimm:
966 929 1050 982 inimi·
1103 924 1104 934 *

219 1013 266 1066 eis.
302 1014 374 1067 Unde
401 1015 545 1076 arguuntur
569 1012 602 1064 (le
620 1024 715 1076 magna
734 1012 938 1075 ingratitudine:
970 1015 1050 1076 Quare
1104 1008 1105 1024 ³

219 1113 261 1152 me
280 1098 465 1163 persequimini
483 1099 551 1150 sieut
568 1097 646 1162 Betis,
677 1109 704 1152 et
726 1098 848 1150 cornilius
866 1101 933 1152 meis
951 1103 1051 1153 satura·

219 1186 301 1238 minlt
319 1184 386 1248 (loo
403 1180 445 1246 19,
466 1179 522 1243 22.)

271 1273 356 1324 lertio
375 1270 508 1333 probatur,
529 1272 654 1336 quantum
673 1269 707 1322 erl
720 1270 860 1324 utilitatem
873 1270 1050 1336 suscipientia,

214 1358 280 1428 ‚quia
297 1358 326 1410 in
343 1357 392 1408 hoe
410 1360 573 1410 sacramento
591 1356 672 1420 digne
693 1357 837 1420 suscipiens
864 1355 983 1410 efficitur
1001 1357 1052 1408 del-

220 1443 310 1497 lormis
337 1442 355 1495 i.
370 1455 393 1494 e.
412 1455 460 1506 per
476 1444 588 1508 gratiam
609 1443 731 1496 bonitatis
747 1444 804 1496 sire
821 1454 869 1506 per
886 1444 1052 1507 imaginatio·

219 1542 279 1582 nem
298 1530 450 1582 imitationis
467 1532 520 1583 ileo
547 1530 737 1595 quodammodo
766 1530 868 1584 similis.
912 1531 1051 1584 imbros:

220 1617 283 1682 Quia
300 1617 423 1674 Dominus
440 1617 516 1670 Jesus
534 1628 641 1670 consors
659 1620 700 1670 est
717 1616 861 1668 divinitatis
879 1619 906 1668 et
924 1617 1050 1680 eorporis,

220 1707 302 1768 etin,
323 1704 368 1770 qui
386 1704 483 1768 aeeipis
501 1716 606 1758 emnem
633 1703 702 1767 ejus,
731 1702 835 1754 divinae
853 1702 911 1766 elus
929 1703 1051 1756 substau-

219 1792 273 1846 tiae
299 1794 327 1845 iu
345 1791 391 1844 illo
409 1791 551 1854 participas
568 1790 704 1853 alimento,
732 1789 823 1842 divina
840 1788 991 1842 substantia
1009 1790 1052 1842 llo·

220 1881 290 1933 nitas
317 1882 364 1932 est.
401 1880 432 1932 ln
459 1879 508 1930 loo
535 1888 597 1940 ergo
622 1875 747 1928 alimento
766 1875 871 1929 (livinae
888 1876 1053 1930 substantiae

220 1967 386 2032 participare,
407 1968 448 2018 est
460 1962 599 2016 assimilari
620 1973 667 2026 per
678 1962 790 2026 gratiam
807 1961 911 2015 divinae
930 1963 1051 2016 bonitati.

194 2054 268 2128 'Qui
286 2052 370 2105 bonus
388 2055 437 2114 est,
457 2049 561 2102 hauriet
578 2049 630 2101 sibi
649 2049 759 2112 gratiam
783 2048 932 2102 altemino.
954 2051 1050 2110 (Pron.

221 2139 264 2205 12,
283 2137 321 2204 2.)
358 2138 446 2192 Gratia
472 2149 533 2191 uero
560 2141 601 2189 est
627 2136 764 2190 inlluentla
794 2135 898 2190 divinae
926 2135 1052 2190 bonitatis

220 2225 390 2288 inanimam,
418 2235 466 2288 per
495 2234 573 2288 quam
604 2222 747 2276 assimilata
765 2223 817 2276 Deo
843 2222 872 2275 llt
890 2222 914 2274 el
933 2227 1011 2286 grata
1028 2225 1054 2274 et

221 2312 293 2368 ritae
322 2313 445 2364 aeternae
476 2311 563 2374 tigna.
601 2310 658 2363 Non
687 2310 756 2361 euim
783 2307 880 2362 suffieit
896 2308 1053 2362 liberalitati

221 2398 335 2462 livinae,
364 2399 433 2463 quod
460 2400 487 2450 in
504 2400 666 2450 sacramento
693 2398 737 2450 uel
764 2397 791 2448 iu
814 2396 871 2448 cibo
889 2395 1053 2448 intellectum

221 2485 368 2548 illuminat,
400 2485 468 2549 quod
494 2485 617 2538 allectum
644 2486 732 2548 sanat,
751 2484 820 2548 quod
837 2469 990 2536 memoriam
1010 2482 1053 2533 de·

223 2573 313 2633 lentat,
332 2571 401 2635 qnod
420 2575 502 2625 toturn
520 2572 652 2623 hominem
671 2571 697 2624 in
716 2571 785 2622 loono
805 2569 934 2622 mutarat
952 2572 981 2621 et
998 2581 1053 2622 eor·

221 2658 280 2722 pori
296 2669 344 2710 suo
362 2657 470 2720 mystico
489 2658 616 2720 associat,
645 2656 708 2721 qarln
730 2656 838 2718 insuper
855 2657 906 2708 Deo
925 2655 1055 2708 assimilet

222 2746 251 2798 in
279 2743 412 2808 praesenti
438 2755 486 2807 per
511 2743 622 2806 gratiam
650 2747 677 2796 et
702 2743 729 2796 in
758 2743 845 2796 futuro
863 2753 910 2806 per
933 2742 1052 2805 gloriam.

222 2832 279 2888 lion
297 2829 366 2883 enlm
383 2830 470 2893 potest
487 2828 599 2881 ulterius
616 2829 773 2891 promoveri.
