2384 3759
613 379 666 437 bul

480 611 637 682 cnPuu
664 608 798 676 XXIV.

327 745 375 801 lle
393 743 496 800 tribus
514 741 682 798 effectibus
705 738 954 814 principalibus.

293 871 491 922 sacrosanctum
519 877 614 929 corpus
640 865 743 918 bomini
769 867 823 917 tras
844 863 926 916 bnbet
950 863 1061 918 eductus

222 956 393 1022 principales.
425 954 527 1006 lrimns
544 955 586 1006 est
602 955 767 1014 peccatorum
785 951 942 1004 destructio:
964 963 1062 1004 secun-

223 1046 274 1098 dus
299 1043 427 1096 bonorum
454 1039 629 1105 spiritualium
656 1038 761 1102 largitio
790 1038 834 1091 nel
860 1039 1061 1102 augmentatio;

224 1130 316 1183 tertius
328 1130 473 1182 animamm
486 1125 642 1179 confortatio
660 1125 704 1178 vel
722 1125 792 1178 vitae
805 1127 929 1178 aemmne
941 1124 1059 1178 collatio.

293 1216 395 1268 irinum
411 1213 521 1265 enectos
537 1211 691 1275 principalis
708 1211 823 1275 corporis
841 1211 937 1264 cbristi
957 1214 999 1262 est
1016 1212 1061 1263 de-

223 1301 333 1354 structio
348 1302 525 1363 pcccatorum.
562 1300 593 1352 nt
611 1300 661 1352 boo
679 1297 712 1350 nd
730 1297 793 1350 tria:
821 1297 854 1350 ad
882 1297 1062 1350 dealbandum

224 1387 354 1441 maculam
371 1385 469 1449 cordo,
498 1386 531 1437 nd
558 1385 731 1450 mitigandum
748 1383 882 1438 stimulum
900 1384 999 1446 carnis,
1027 1385 1062 1436 ad

224 1472 398 1527 resistendum
426 1471 631 1535 cogitationibus
657 1469 755 1535 pruris.
786 1495 821 1506 -·
850 1469 886 1522 be
912 1468 1000 1532 primo
1018 1471 1059 1524 ls.

224 1554 342 1622 67‚14.:
361 1558 427 1611 lliue
445 1555 640 1610 dealbabuntur
662 1559 690 1611 in
708 1557 822 1610 selmon.
860 1555 967 1609 selmon
985 1567 1062 1608 muns

224 1645 271 1699 lici
298 1648 339 1698 est
365 1646 405 1695 et.
419 1644 608 1708 interpretatur
630 1644 723 1696 umbra
749 1648 777 1696 et
793 1644 862 1696 sicut
878 1641 942 1695 dicit
960 1643 1061 1696 diues:

153 1786 158 1798 ,
225 1743 320 1796 corpus
338 1729 436 1784 curisti
462 1729 603 1795 sipnldcat,
630 1731 692 1795 puio
718 1730 787 1782 sicut
812 1728 842 1781 dt
865 1729 898 1780 de
915 1728 1018 1782 lumine
1036 1732 1063 1781 et

225 1827 343 1881 corpore,
362 1816 401 1869 itu
419 1817 447 1869 ln
465 1825 572 1878 eorpore
592 1815 688 1869 cbrisli
705 1818 746 1867 est
762 1815 851 1867 lumen
870 1813 1019 1866 diuinitatis
1037 1817 1063 1867 et

222 1915 288 1956 curo
305 1903 484 1956 humanitatis.
519 1903 549 1954 ln
565 1903 616 1954 boe
633 1902 721 1954 monte
739 1899 860 1952 umbroso
877 1899 1062 1962 supernivem

225 1988 421 2042 dealbabuntur
436 1987 544 2050 fideles,
571 1989 633 2052 pnin
659 1988 757 2041 virtute
775 1986 890 2050 corporis
907 1985 1006 2040 christi
1024 1987 1061 2038 in·

225 2074 440 2138 compurabillter
457 2087 472 2126 n
490 2074 594 2127 mucnln
612 2053 779 2138 peccatomm
802 2073 987 2126 emundentur.
1025 2073 1058 2126 ls.

225 2156 270 2224 st,
284 2156 342 2212 ub:
361 2161 415 2224 ligo
426 2171 485 2213 snm
497 2161 563 2224 lpse,
582 2159 628 2224 pul
646 2161 722 2213 deluo
739 2159 893 2224 iniquitates
908 2163 968 2212 tuas
987 2171 1061 2223 prop·

226 2250 268 2300 ter
284 2257 335 2298 me.
356 2273 389 2282 -
408 2248 445 2299 lie
461 2246 577 2301 secundo
603 2247 649 2300 lix,
664 2241 781 2310 ld,113.:
810 2247 886 2298 Mene
911 2255 956 2298 ros
981 2245 1063 2309 luculi

227 2333 256 2386 in
274 2332 471 2386 similitudinem
497 2333 608 2397 pruinae
625 2333 827 2396 superterram,
865 2330 964 2384 Gloss:
986 2330 1063 2383 Pnnis

227 2416 350 2470 coelestis
367 2417 395 2468 in
413 2417 612 2473 similitudinem
629 2417 697 2471 roris
724 2418 752 2468 et
769 2416 878 2481 pruinae
901 2428 1062 2482 superuppa·

227 2502 311 2564 rebnt,
331 2503 391 2566 onia
409 2515 502 2566 corpus
520 2503 615 2556 cbristi
643 2515 658 2554 a
679 2503 785 2556 fervore
803 2505 970 2566 poemorum
989 2503 1063 2556 retri-

227 2591 310 2652 perat
329 2612 363 2622 -
381 2585 417 2642 lle
443 2588 521 2641 tertio
547 2586 738 2652 cant.1‚13.:
767 2590 917 2664 Fasciculus
943 2592 1063 2654 myrrbae

228 2674 340 2726 dilectus
357 2683 431 2726 mens
449 2675 522 2728 mibi.
553 2677 656 2739 llyrrba
666 2679 757 2730 seruat
769 2687 878 2740 oorpora
895 2687 913 2726 u
932 2677 1062 2730 vermibus

228 2762 388 2824 incorrupta,
416 2760 454 2812 sle
472 2771 567 2824 corpus
585 2763 682 2816 Christi
708 2762 788 2816 corda
805 2761 957 2828 bdelinm'a
977 2764 1062 2826 pravis

228 2845 431 2911 cogitationibus
458 2846 565 2910 illaesu3
592 2849 655 2912 qnia
685 2859 744 2900 cum
775 2848 899 2902 dilectum
925 2848 1062 2902 Dominum

228 2932 393 2995 suscipimus,
412 2930 434 2982 sl
452 2931 606 2983 fasciculum
624 2934 746 2996 myrrhoe
774 2933 790 2984 i.
809 2928 834 2986 e.
862 2934 1062 2986 amaritudinem

228 3018 358 3082 passionis
385 3016 439 3079 eins
457 3015 501 3078 plu
519 3020 607 3069 mente
626 3018 784 3084 cogitamus,
813 3031 916 3072 vermes
935 3021 1063 3074 malornm

229 3101 417 3165 cogitationum
435 3113 450 3152 o
468 3100 544 3152 nobis
561 3103 724 3164 repellimus.

298 3184 434 3239 secundus
450 3184 559 3238 enectos
570 3185 721 3250 principalis
739 3192 780 3241 est
797 3189 925 3242 bonorum
944 3189 1063 3254 spiritua·
