<?xml version="1.0" encoding="UTF-8"?>
<!DOCTYPE html PUBLIC "-//W3C//DTD XHTML 1.0 Transitional//EN"
    "http://www.w3.org/TR/xhtml1/DTD/xhtml1-transitional.dtd">
<html xmlns="http://www.w3.org/1999/xhtml" xml:lang="en" lang="en">
 <head>
  <title>
</title>
<meta http-equiv="Content-Type" content="text/html;charset=utf-8" />
  <meta name='ocr-system' content='tesseract 3.04.00' />
  <meta name='ocr-capabilities' content='ocr_page ocr_carea ocr_par ocr_line ocrx_word'/>
</head>
<body>
  <div class='ocr_page' id='page_1' title='image "./paradisusanimae00sailgoog_0162.png"; bbox 0 0 2384 3759; ppageno 0'>
   <div class='ocr_carea' id='block_1_1' title="bbox 625 387 677 440">
    <p class='ocr_par' dir='ltr' id='par_1_1' title="bbox 625 387 677 440">
     <span class='ocr_line' id='line_1_1' title="bbox 625 387 677 440; baseline 0.019 -1"><span class='ocrx_word' id='word_1_1' title='bbox 625 387 677 440; x_wconf 76' lang='lat'><strong>138</strong></span> 
     </span>
    </p>
   </div>
   <div class='ocr_carea' id='block_1_2' title="bbox 231 527 1072 3266">
    <p class='ocr_par' dir='ltr' id='par_1_2' title="bbox 231 527 1066 1024">
     <span class='ocr_line' id='line_1_2' title="bbox 231 527 1062 592; baseline 0.001 -11"><span class='ocrx_word' id='word_1_2' title='bbox 231 528 318 582; x_wconf 80' lang='lat' dir='ltr'><strong>cilturo</strong></span> <span class='ocrx_word' id='word_1_3' title='bbox 336 539 497 581; x_wconf 78' lang='lat' dir='ltr'><strong>venenosum</strong></span> <span class='ocrx_word' id='word_1_4' title='bbox 525 528 656 592; x_wconf 78' lang='lat' dir='ltr'><strong>triplicem</strong></span> <span class='ocrx_word' id='word_1_5' title='bbox 676 527 773 580; x_wconf 82' lang='lat' dir='ltr'><strong>inludit</strong></span> <span class='ocrx_word' id='word_1_6' title='bbox 789 527 995 592; x_wconf 75' lang='lat' dir='ltr'>corruptionem,</span> <span class='ocrx_word' id='word_1_7' title='bbox 1022 541 1062 582; x_wconf 78' lang='lat' dir='ltr'><strong>ne</strong></span> 
     </span>
     <span class='ocr_line' id='line_1_3' title="bbox 231 614 1061 679; baseline 0 -13"><span class='ocrx_word' id='word_1_8' title='bbox 231 614 382 678; x_wconf 73' lang='lat' dir='ltr'><strong>consciuit,</strong></span> <span class='ocrx_word' id='word_1_9' title='bbox 408 618 438 667; x_wconf 89' lang='lat' dir='ltr'><strong>ut</strong></span> <span class='ocrx_word' id='word_1_10' title='bbox 465 615 498 667; x_wconf 83' lang='lat' dir='ltr'><strong>al</strong></span> <span class='ocrx_word' id='word_1_11' title='bbox 524 615 652 679; x_wconf 82' lang='lat' dir='ltr'><strong>integram</strong></span> <span class='ocrx_word' id='word_1_12' title='bbox 677 615 839 667; x_wconf 83' lang='lat' dir='ltr'><strong>curationem</strong></span> <span class='ocrx_word' id='word_1_13' title='bbox 859 614 979 667; x_wconf 84' lang='lat' dir='ltr'><strong>medicus</strong></span> <span class='ocrx_word' id='word_1_14' title='bbox 1004 615 1022 668; x_wconf 91' lang='lat' dir='ltr'><strong>l.</strong></span> <span class='ocrx_word' id='word_1_15' title='bbox 1041 626 1061 666; x_wconf 91' lang='lat' dir='ltr'><strong>e.</strong></span> 
     </span>
     <span class='ocr_line' id='line_1_4' title="bbox 231 699 1065 754; baseline 0.004 -3"><span class='ocrx_word' id='word_1_16' title='bbox 231 700 348 752; x_wconf 85' lang='lat' dir='ltr'><strong>salvator</strong></span> <span class='ocrx_word' id='word_1_17' title='bbox 373 705 461 753; x_wconf 83' lang='lat' dir='ltr'><strong>nostor</strong></span> <span class='ocrx_word' id='word_1_18' title='bbox 489 699 576 752; x_wconf 82' lang='lat' dir='ltr'><strong>cibum</strong></span> <span class='ocrx_word' id='word_1_19' title='bbox 609 701 792 754; x_wconf 77' lang='lat' dir='ltr'><strong>medicinalem</strong></span> <span class='ocrx_word' id='word_1_20' title='bbox 820 704 910 753; x_wconf 86' lang='lat' dir='ltr'><strong>contra</strong></span> <span class='ocrx_word' id='word_1_21' title='bbox 935 703 1002 752; x_wconf 82' lang='lat' dir='ltr'><strong>llaec</strong></span> <span class='ocrx_word' id='word_1_22' title='bbox 1018 700 1065 754; x_wconf 83' lang='lat' dir='ltr'><strong>iria</strong></span> 
     </span>
     <span class='ocr_line' id='line_1_5' title="bbox 233 785 1061 851; baseline 0.004 -14"><span class='ocrx_word' id='word_1_23' title='bbox 233 785 319 837; x_wconf 78' lang='lat' dir='ltr'><strong>claret:</strong></span> <span class='ocrx_word' id='word_1_24' title='bbox 341 788 368 836; x_wconf 86' lang='lat' dir='ltr'><strong>et</strong></span> <span class='ocrx_word' id='word_1_25' title='bbox 385 786 436 837; x_wconf 87' lang='lat' dir='ltr'><strong>lroc</strong></span> <span class='ocrx_word' id='word_1_26' title='bbox 454 790 494 836; x_wconf 84' lang='lat' dir='ltr'><strong>est</strong></span> <span class='ocrx_word' id='word_1_27' title='bbox 511 797 604 848; x_wconf 91' lang='lat' dir='ltr'><strong>corpus</strong></span> <span class='ocrx_word' id='word_1_28' title='bbox 626 798 711 850; x_wconf 91' lang='lat' dir='ltr'><strong>suurn,</strong></span> <span class='ocrx_word' id='word_1_29' title='bbox 731 786 798 851; x_wconf 82' lang='lat' dir='ltr'><strong>quod</strong></span> <span class='ocrx_word' id='word_1_30' title='bbox 818 786 862 850; x_wconf 93' lang='lat' dir='ltr'><strong>pio</strong></span> <span class='ocrx_word' id='word_1_31' title='bbox 880 787 1061 850; x_wconf 77' lang='lat' dir='ltr'><strong>recipientium</strong></span> 
     </span>
     <span class='ocr_line' id='line_1_6' title="bbox 233 871 1066 936; baseline 0.002 -12"><span class='ocrx_word' id='word_1_32' title='bbox 233 873 398 936; x_wconf 81' lang='lat' dir='ltr'><strong>ignorantiae</strong></span> <span class='ocrx_word' id='word_1_33' title='bbox 425 873 547 923; x_wconf 76' lang='lat' dir='ltr'>tenebras</span> <span class='ocrx_word' id='word_1_34' title='bbox 574 871 722 934; x_wconf 84' lang='lat' dir='ltr'><strong>illuminat,</strong></span> <span class='ocrx_word' id='word_1_35' title='bbox 753 873 870 926; x_wconf 86' lang='lat' dir='ltr'><strong>morbum</strong></span> <span class='ocrx_word' id='word_1_36' title='bbox 889 885 990 936; x_wconf 84' lang='lat' dir='ltr'><strong>pravae</strong></span> <span class='ocrx_word' id='word_1_37' title='bbox 1008 885 1066 926; x_wconf 88' lang='lat' dir='ltr'><strong>con·</strong></span> 
     </span>
     <span class='ocr_line' id='line_1_7' title="bbox 232 958 1065 1024; baseline 0.001 -12"><span class='ocrx_word' id='word_1_38' title='bbox 232 958 412 1023; x_wconf 81' lang='lat' dir='ltr'><strong>cupiscentiae</strong></span> <span class='ocrx_word' id='word_1_39' title='bbox 438 961 516 1009; x_wconf 80' lang='lat' dir='ltr'><strong>sanat</strong></span> <span class='ocrx_word' id='word_1_40' title='bbox 541 962 569 1009; x_wconf 89' lang='lat' dir='ltr'><strong>ct</strong></span> <span class='ocrx_word' id='word_1_41' title='bbox 593 961 704 1011; x_wconf 86' lang='lat' dir='ltr'><strong>rnortcrn</strong></span> <span class='ocrx_word' id='word_1_42' title='bbox 739 959 896 1012; x_wconf 82' lang='lat' dir='ltr'><strong>destruendo</strong></span> <span class='ocrx_word' id='word_1_43' title='bbox 915 961 1065 1024; x_wconf 84' lang='lat' dir='ltr'><strong>triumphat</strong></span> 
     </span>
    </p>

    <p class='ocr_par' dir='ltr' id='par_1_3' title="bbox 232 1043 1069 1802">
     <span class='ocr_line' id='line_1_8' title="bbox 302 1043 1067 1110; baseline 0.001 -13"><span class='ocrx_word' id='word_1_44' title='bbox 302 1045 387 1098; x_wconf 83' lang='lat' dir='ltr'><strong>lertio</strong></span> <span class='ocrx_word' id='word_1_45' title='bbox 414 1043 538 1106; x_wconf 75' lang='lat' dir='ltr'><strong>exigebat</strong></span> <span class='ocrx_word' id='word_1_46' title='bbox 564 1045 644 1096; x_wconf 85' lang='lat' dir='ltr'><strong>talem</strong></span> <span class='ocrx_word' id='word_1_47' title='bbox 665 1045 752 1098; x_wconf 81' lang='lat' dir='ltr'><strong>cibum</strong></span> <span class='ocrx_word' id='word_1_48' title='bbox 771 1049 897 1110; x_wconf 82' lang='lat' dir='ltr'><strong>quanturn</strong></span> <span class='ocrx_word' id='word_1_49' title='bbox 916 1046 949 1097; x_wconf 85' lang='lat' dir='ltr'><strong>au</strong></span> <span class='ocrx_word' id='word_1_50' title='bbox 970 1046 1067 1098; x_wconf 81' lang='lat' dir='ltr'><strong>firman</strong></span> 
     </span>
     <span class='ocr_line' id='line_1_9' title="bbox 232 1130 1068 1195; baseline 0.001 -12"><span class='ocrx_word' id='word_1_51' title='bbox 232 1131 352 1184; x_wconf 86' lang='lat' dir='ltr'><strong>sanitatis</strong></span> <span class='ocrx_word' id='word_1_52' title='bbox 369 1130 603 1183; x_wconf 85' lang='lat' dir='ltr'><strong>conservationem.</strong></span> <span class='ocrx_word' id='word_1_53' title='bbox 642 1131 750 1194; x_wconf 75' lang='lat' dir='ltr'><strong>Quidam</strong></span> <span class='ocrx_word' id='word_1_54' title='bbox 774 1131 844 1183; x_wconf 87' lang='lat' dir='ltr'><strong>enirn</strong></span> <span class='ocrx_word' id='word_1_55' title='bbox 862 1131 895 1182; x_wconf 82' lang='lat' dir='ltr'><strong>ao</strong></span> <span class='ocrx_word' id='word_1_56' title='bbox 916 1133 1068 1195; x_wconf 82' lang='lat' dir='ltr'><strong>tempusue</strong></span> 
     </span>
     <span class='ocr_line' id='line_1_10' title="bbox 235 1217 1069 1282; baseline -0.001 -12"><span class='ocrx_word' id='word_1_57' title='bbox 235 1218 350 1280; x_wconf 85' lang='lat' dir='ltr'><strong>peccatis</strong></span> <span class='ocrx_word' id='word_1_58' title='bbox 379 1219 591 1278; x_wconf 74' lang='lat' dir='ltr'><strong>compunguntur</strong></span> <span class='ocrx_word' id='word_1_59' title='bbox 617 1222 644 1268; x_wconf 87' lang='lat' dir='ltr'><strong>ct</strong></span> <span class='ocrx_word' id='word_1_60' title='bbox 670 1217 859 1282; x_wconf 75' lang='lat' dir='ltr'><strong>quodammodo</strong></span> <span class='ocrx_word' id='word_1_61' title='bbox 880 1221 1010 1270; x_wconf 90' lang='lat' dir='ltr'><strong>curantur</strong></span> <span class='ocrx_word' id='word_1_62' title='bbox 1025 1217 1069 1269; x_wconf 83' lang='lat' dir='ltr'><strong>seu</strong></span> 
     </span>
     <span class='ocr_line' id='line_1_11' title="bbox 233 1301 1066 1367; baseline 0 -13"><span class='ocrx_word' id='word_1_63' title='bbox 233 1308 350 1365; x_wconf 88' lang='lat' dir='ltr'><strong>ternpore</strong></span> <span class='ocrx_word' id='word_1_64' title='bbox 368 1301 522 1353; x_wconf 72' lang='lat' dir='ltr'><strong>tentationis</strong></span> <span class='ocrx_word' id='word_1_65' title='bbox 534 1315 582 1366; x_wconf 85' lang='lat' dir='ltr'><strong>per</strong></span> <span class='ocrx_word' id='word_1_66' title='bbox 592 1304 737 1356; x_wconf 82' lang='lat' dir='ltr'><strong>recidivum</strong></span> <span class='ocrx_word' id='word_1_67' title='bbox 751 1305 843 1355; x_wconf 88' lang='lat' dir='ltr'><strong>ilerum</strong></span> <span class='ocrx_word' id='word_1_68' title='bbox 856 1307 1066 1367; x_wconf 88' lang='lat' dir='ltr'><strong>corrumpuntur.</strong></span> 
     </span>
     <span class='ocr_line' id='line_1_12' title="bbox 233 1385 1068 1452; baseline -0.001 -9"><span class='ocrx_word' id='word_1_69' title='bbox 233 1390 289 1450; x_wconf 80' lang='lat' dir='ltr'><strong>(l’s.</strong></span> <span class='ocrx_word' id='word_1_70' title='bbox 310 1387 357 1452; x_wconf 74' lang='lat'><strong>37,</strong></span> <span class='ocrx_word' id='word_1_71' title='bbox 374 1385 417 1450; x_wconf 82' lang='grc'><strong>5.)</strong></span> <span class='ocrx_word' id='word_1_72' title='bbox 453 1389 491 1442; x_wconf 79' lang='lat' dir='ltr'><strong>td</strong></span> <span class='ocrx_word' id='word_1_73' title='bbox 518 1391 744 1442; x_wconf 83' lang='lat' dir='ltr'><strong>conseruationem</strong></span> <span class='ocrx_word' id='word_1_74' title='bbox 767 1394 853 1443; x_wconf 86' lang='lat' dir='ltr'><strong>autern</strong></span> <span class='ocrx_word' id='word_1_75' title='bbox 871 1389 998 1442; x_wconf 84' lang='lat' dir='ltr'><strong>sanitatis</strong></span> <span class='ocrx_word' id='word_1_76' title='bbox 1016 1389 1068 1442; x_wconf 89' lang='lat' dir='ltr'><strong>aul-</strong></span> 
     </span>
     <span class='ocr_line' id='line_1_13' title="bbox 234 1475 1067 1540; baseline 0 -12"><span class='ocrx_word' id='word_1_77' title='bbox 234 1487 294 1528; x_wconf 83' lang='lat' dir='ltr'><strong>naae</strong></span> <span class='ocrx_word' id='word_1_78' title='bbox 322 1478 350 1528; x_wconf 84' lang='lat' dir='ltr'><strong>et</strong></span> <span class='ocrx_word' id='word_1_79' title='bbox 380 1475 585 1540; x_wconf 79' lang='lat' dir='ltr'><strong>incorruptionis</strong></span> <span class='ocrx_word' id='word_1_80' title='bbox 614 1477 698 1528; x_wconf 80' lang='lat' dir='ltr'><strong>honac</strong></span> <span class='ocrx_word' id='word_1_81' title='bbox 725 1475 795 1528; x_wconf 82' lang='lat' dir='ltr'><strong>uitae</strong></span> <span class='ocrx_word' id='word_1_82' title='bbox 813 1475 884 1528; x_wconf 84' lang='lat' dir='ltr'><strong>ualet</strong></span> <span class='ocrx_word' id='word_1_83' title='bbox 913 1476 990 1528; x_wconf 86' lang='lat' dir='ltr'><strong>cibus</strong></span> <span class='ocrx_word' id='word_1_84' title='bbox 1016 1477 1067 1529; x_wconf 90' lang='lat' dir='ltr'><strong>ille.</strong></span> 
     </span>
     <span class='ocr_line' id='line_1_14' title="bbox 234 1560 1069 1628; baseline -0.006 -10"><span class='ocrx_word' id='word_1_85' title='bbox 234 1562 384 1618; x_wconf 71' lang='lat' dir='ltr'><strong>Fasciculus</strong></span> <span class='ocrx_word' id='word_1_86' title='bbox 401 1565 522 1626; x_wconf 72' lang='lat' dir='ltr'><strong>nomiae</strong></span> <span class='ocrx_word' id='word_1_87' title='bbox 540 1564 652 1615; x_wconf 78' lang='lat' dir='ltr'><strong>dilectus</strong></span> <span class='ocrx_word' id='word_1_88' title='bbox 670 1573 744 1614; x_wconf 85' lang='lat' dir='ltr'><strong>meus</strong></span> <span class='ocrx_word' id='word_1_89' title='bbox 761 1563 835 1614; x_wconf 88' lang='lat' dir='ltr'><strong>milri.</strong></span> <span class='ocrx_word' id='word_1_90' title='bbox 860 1563 958 1623; x_wconf 75' lang='lat' dir='ltr'><strong>(eant.</strong></span> <span class='ocrx_word' id='word_1_91' title='bbox 977 1560 1000 1628; x_wconf 91' lang='lat' dir='ltr'><strong>l,</strong></span> <span class='ocrx_word' id='word_1_92' title='bbox 1015 1561 1069 1624; x_wconf 75' lang='lat'>12.)</span> 
     </span>
     <span class='ocr_line' id='line_1_15' title="bbox 233 1649 1069 1711; baseline 0.001 -9"><span class='ocrx_word' id='word_1_93' title='bbox 233 1650 398 1702; x_wconf 86' lang='lat' dir='ltr'><strong>sicutenim</strong></span> <span class='ocrx_word' id='word_1_94' title='bbox 415 1651 521 1710; x_wconf 79' lang='lat' dir='ltr'><strong>rnprrlra</strong></span> <span class='ocrx_word' id='word_1_95' title='bbox 538 1649 688 1711; x_wconf 87' lang='lat' dir='ltr'><strong>incorrupta</strong></span> <span class='ocrx_word' id='word_1_96' title='bbox 706 1652 795 1700; x_wconf 85' lang='lat' dir='ltr'><strong>servat</strong></span> <span class='ocrx_word' id='word_1_97' title='bbox 812 1659 928 1711; x_wconf 89' lang='lat' dir='ltr'><strong>corpora,</strong></span> <span class='ocrx_word' id='word_1_98' title='bbox 958 1651 998 1702; x_wconf 90' lang='lat' dir='ltr'><strong>sic</strong></span> <span class='ocrx_word' id='word_1_99' title='bbox 1016 1662 1069 1703; x_wconf 91' lang='lat' dir='ltr'><strong>cor·</strong></span> 
     </span>
     <span class='ocr_line' id='line_1_16' title="bbox 233 1735 701 1802; baseline -0.009 -12"><span class='ocrx_word' id='word_1_100' title='bbox 233 1750 284 1802; x_wconf 91' lang='lat' dir='ltr'><strong>pus</strong></span> <span class='ocrx_word' id='word_1_101' title='bbox 301 1736 404 1788; x_wconf 86' lang='lat' dir='ltr'><strong>llornini</strong></span> <span class='ocrx_word' id='word_1_102' title='bbox 423 1735 466 1799; x_wconf 85' lang='lat' dir='ltr'><strong>pic</strong></span> <span class='ocrx_word' id='word_1_103' title='bbox 484 1740 598 1788; x_wconf 87' lang='lat' dir='ltr'><strong>sumtum</strong></span> <span class='ocrx_word' id='word_1_104' title='bbox 616 1735 701 1787; x_wconf 84' lang='lat' dir='ltr'><strong>corda.</strong></span> 
     </span>
    </p>

    <p class='ocr_par' dir='ltr' id='par_1_4' title="bbox 233 1821 1070 2229">
     <span class='ocr_line' id='line_1_17' title="bbox 302 1821 1070 1886; baseline 0.001 -11"><span class='ocrx_word' id='word_1_105' title='bbox 302 1822 386 1875; x_wconf 81' lang='lat' dir='ltr'><strong>Tertia</strong></span> <span class='ocrx_word' id='word_1_106' title='bbox 404 1822 472 1875; x_wconf 88' lang='lat' dir='ltr'><strong>ratlo</strong></span> <span class='ocrx_word' id='word_1_107' title='bbox 490 1821 636 1885; x_wconf 73' lang='lat' dir='ltr'><strong>sapientiae</strong></span> <span class='ocrx_word' id='word_1_108' title='bbox 654 1821 711 1884; x_wconf 80' lang='lat' dir='ltr'><strong>liei,</strong></span> <span class='ocrx_word' id='word_1_109' title='bbox 742 1833 793 1886; x_wconf 85' lang='lat' dir='ltr'><strong>qna</strong></span> <span class='ocrx_word' id='word_1_110' title='bbox 810 1821 934 1873; x_wconf 87' lang='lat' dir='ltr'><strong>liominns</strong></span> <span class='ocrx_word' id='word_1_111' title='bbox 962 1822 1008 1875; x_wconf 82' lang='lat' dir='ltr'><strong>dat</strong></span> <span class='ocrx_word' id='word_1_112' title='bbox 1026 1825 1070 1876; x_wconf 88' lang='lat' dir='ltr'><strong>lro·</strong></span> 
     </span>
     <span class='ocr_line' id='line_1_18' title="bbox 234 1905 1069 1971; baseline -0.001 -10"><span class='ocrx_word' id='word_1_113' title='bbox 234 1908 299 1961; x_wconf 87' lang='lat' dir='ltr'><strong>rnlnl</strong></span> <span class='ocrx_word' id='word_1_114' title='bbox 318 1919 412 1971; x_wconf 82' lang='lat' dir='ltr'><strong>corpus</strong></span> <span class='ocrx_word' id='word_1_115' title='bbox 431 1919 507 1960; x_wconf 89' lang='lat' dir='ltr'><strong>suurn</strong></span> <span class='ocrx_word' id='word_1_116' title='bbox 527 1907 554 1957; x_wconf 94' lang='lat' dir='ltr'><strong>ln</strong></span> <span class='ocrx_word' id='word_1_117' title='bbox 567 1905 654 1958; x_wconf 87' lang='lat' dir='ltr'><strong>cibum</strong></span> <span class='ocrx_word' id='word_1_118' title='bbox 673 1909 714 1957; x_wconf 87' lang='lat' dir='ltr'><strong>cst</strong></span> <span class='ocrx_word' id='word_1_119' title='bbox 732 1907 862 1958; x_wconf 85' lang='lat' dir='ltr'><strong>humanae</strong></span> <span class='ocrx_word' id='word_1_120' title='bbox 880 1911 992 1960; x_wconf 86' lang='lat' dir='ltr'><strong>naturae</strong></span> <span class='ocrx_word' id='word_1_121' title='bbox 1011 1921 1069 1962; x_wconf 88' lang='lat' dir='ltr'><strong>con·</strong></span> 
     </span>
     <span class='ocr_line' id='line_1_19' title="bbox 235 1993 1067 2059; baseline -0.001 -13"><span class='ocrx_word' id='word_1_122' title='bbox 235 1994 307 2059; x_wconf 81' lang='lat' dir='ltr'><strong>ollio,</strong></span> <span class='ocrx_word' id='word_1_123' title='bbox 334 2005 402 2058; x_wconf 79' lang='lat' dir='ltr'><strong>onae</strong></span> <span class='ocrx_word' id='word_1_124' title='bbox 417 1993 557 2045; x_wconf 87' lang='lat' dir='ltr'><strong>rationalis</strong></span> <span class='ocrx_word' id='word_1_125' title='bbox 584 1994 672 2044; x_wconf 83' lang='lat' dir='ltr'><strong>creato</strong></span> <span class='ocrx_word' id='word_1_126' title='bbox 692 1997 732 2045; x_wconf 88' lang='lat' dir='ltr'><strong>est</strong></span> <span class='ocrx_word' id='word_1_127' title='bbox 757 1997 783 2045; x_wconf 85' lang='lat' dir='ltr'><strong>el</strong></span> <span class='ocrx_word' id='word_1_128' title='bbox 801 1993 902 2056; x_wconf 90' lang='lat' dir='ltr'><strong>corpori</strong></span> <span class='ocrx_word' id='word_1_129' title='bbox 921 1995 1067 2058; x_wconf 81' lang='lat' dir='ltr'><strong>conjuncta.</strong></span> 
     </span>
     <span class='ocr_line' id='line_1_20' title="bbox 233 2078 1070 2142; baseline 0.001 -9"><span class='ocrx_word' id='word_1_130' title='bbox 233 2080 379 2133; x_wconf 84' lang='lat' dir='ltr'><strong>Rationalis</strong></span> <span class='ocrx_word' id='word_1_131' title='bbox 396 2082 485 2131; x_wconf 88' lang='lat' dir='ltr'><strong>autern</strong></span> <span class='ocrx_word' id='word_1_132' title='bbox 503 2083 622 2131; x_wconf 89' lang='lat' dir='ltr'><strong>creatura</strong></span> <span class='ocrx_word' id='word_1_133' title='bbox 641 2083 727 2142; x_wconf 86' lang='lat' dir='ltr'><strong>potest</strong></span> <span class='ocrx_word' id='word_1_134' title='bbox 745 2078 828 2132; x_wconf 83' lang='lat' dir='ltr'><strong>tribus</strong></span> <span class='ocrx_word' id='word_1_135' title='bbox 850 2080 933 2132; x_wconf 87' lang='lat' dir='ltr'><strong>modis</strong></span> <span class='ocrx_word' id='word_1_136' title='bbox 952 2081 1070 2134; x_wconf 83' lang='lat' dir='ltr'><strong>consitie-</strong></span> 
     </span>
     <span class='ocr_line' id='line_1_21' title="bbox 234 2164 881 2229; baseline 0.002 -12"><span class='ocrx_word' id='word_1_137' title='bbox 234 2165 288 2218; x_wconf 90' lang='lat' dir='ltr'><strong>rarl</strong></span> <span class='ocrx_word' id='word_1_138' title='bbox 307 2168 334 2217; x_wconf 87' lang='lat' dir='ltr'><strong>et</strong></span> <span class='ocrx_word' id='word_1_139' title='bbox 350 2166 493 2218; x_wconf 80' lang='lat' dir='ltr'><strong>secundnm</strong></span> <span class='ocrx_word' id='word_1_140' title='bbox 512 2166 562 2218; x_wconf 89' lang='lat' dir='ltr'><strong>lroc</strong></span> <span class='ocrx_word' id='word_1_141' title='bbox 580 2164 681 2227; x_wconf 78' lang='lat' dir='ltr'><strong>indiget</strong></span> <span class='ocrx_word' id='word_1_142' title='bbox 698 2165 796 2229; x_wconf 88' lang='lat' dir='ltr'><strong>triplici</strong></span> <span class='ocrx_word' id='word_1_143' title='bbox 814 2166 881 2218; x_wconf 84' lang='lat' dir='ltr'><strong>clloo.</strong></span> 
     </span>
    </p>

    <p class='ocr_par' dir='ltr' id='par_1_5' title="bbox 234 2251 1072 2838">
     <span class='ocr_line' id='line_1_22' title="bbox 303 2251 1070 2316; baseline 0.005 -14"><span class='ocrx_word' id='word_1_144' title='bbox 303 2251 390 2302; x_wconf 87' lang='lat' dir='ltr'><strong>Primo</strong></span> <span class='ocrx_word' id='word_1_145' title='bbox 417 2253 494 2304; x_wconf 86' lang='lat' dir='ltr'><strong>molo</strong></span> <span class='ocrx_word' id='word_1_146' title='bbox 513 2251 693 2303; x_wconf 84' lang='lat' dir='ltr'><strong>consideratur</strong></span> <span class='ocrx_word' id='word_1_147' title='bbox 711 2251 854 2304; x_wconf 81' lang='lat' dir='ltr'><strong>secundum</strong></span> <span class='ocrx_word' id='word_1_148' title='bbox 884 2253 954 2316; x_wconf 79' lang='lat' dir='ltr'><strong>quud</strong></span> <span class='ocrx_word' id='word_1_149' title='bbox 975 2259 1017 2307; x_wconf 89' lang='lat' dir='ltr'><strong>est</strong></span> <span class='ocrx_word' id='word_1_150' title='bbox 1033 2255 1070 2306; x_wconf 92' lang='lat' dir='ltr'><strong>iu·</strong></span> 
     </span>
     <span class='ocr_line' id='line_1_23' title="bbox 235 2337 1071 2404; baseline 0.002 -14"><span class='ocrx_word' id='word_1_151' title='bbox 235 2348 362 2400; x_wconf 88' lang='lat' dir='ltr'><strong>corporea</strong></span> <span class='ocrx_word' id='word_1_152' title='bbox 392 2342 419 2388; x_wconf 91' lang='lat' dir='ltr'><strong>et</strong></span> <span class='ocrx_word' id='word_1_153' title='bbox 446 2349 512 2401; x_wconf 88' lang='lat' dir='ltr'><strong>pure</strong></span> <span class='ocrx_word' id='word_1_154' title='bbox 539 2337 684 2400; x_wconf 87' lang='lat' dir='ltr'><strong>spiritualis</strong></span> <span class='ocrx_word' id='word_1_155' title='bbox 703 2341 733 2389; x_wconf 89' lang='lat' dir='ltr'><strong>ut</strong></span> <span class='ocrx_word' id='word_1_156' title='bbox 750 2339 844 2390; x_wconf 83' lang='lat' dir='ltr'><strong>natura</strong></span> <span class='ocrx_word' id='word_1_157' title='bbox 864 2339 999 2404; x_wconf 57' lang='lat' dir='ltr'><strong>angelium</strong></span> <span class='ocrx_word' id='word_1_158' title='bbox 1023 2342 1071 2392; x_wconf 89' lang='lat' dir='ltr'><strong>lroc</strong></span> 
     </span>
     <span class='ocr_line' id='line_1_24' title="bbox 234 2423 1072 2489; baseline 0.002 -14"><span class='ocrx_word' id='word_1_159' title='bbox 234 2423 313 2475; x_wconf 82' lang='lat' dir='ltr'><strong>morlo</strong></span> <span class='ocrx_word' id='word_1_160' title='bbox 340 2425 460 2474; x_wconf 87' lang='lat' dir='ltr'><strong>creatura</strong></span> <span class='ocrx_word' id='word_1_161' title='bbox 487 2423 570 2486; x_wconf 75' lang='lat' dir='ltr'><strong>erlplt</strong></span> <span class='ocrx_word' id='word_1_162' title='bbox 597 2423 761 2489; x_wconf 82' lang='lat' dir='ltr'><strong>alimentum,</strong></span> <span class='ocrx_word' id='word_1_163' title='bbox 792 2436 840 2488; x_wconf 86' lang='lat' dir='ltr'><strong>per</strong></span> <span class='ocrx_word' id='word_1_164' title='bbox 865 2425 934 2489; x_wconf 78' lang='lat' dir='ltr'><strong>quod</strong></span> <span class='ocrx_word' id='word_1_165' title='bbox 954 2425 1031 2479; x_wconf 85' lang='lat' dir='ltr'><strong>vivat</strong></span> <span class='ocrx_word' id='word_1_166' title='bbox 1047 2430 1072 2478; x_wconf 89' lang='lat' dir='ltr'><strong>ct</strong></span> 
     </span>
     <span class='ocr_line' id='line_1_25' title="bbox 235 2507 1071 2565; baseline 0.004 -4"><span class='ocrx_word' id='word_1_167' title='bbox 235 2507 363 2561; x_wconf 79' lang='lat' dir='ltr'><strong>subsistat</strong></span> <span class='ocrx_word' id='word_1_168' title='bbox 379 2519 415 2559; x_wconf 81' lang='lat' dir='ltr'><strong>sc.</strong></span> <span class='ocrx_word' id='word_1_169' title='bbox 435 2509 546 2561; x_wconf 83' lang='lat' dir='ltr'><strong>veroum</strong></span> <span class='ocrx_word' id='word_1_170' title='bbox 559 2508 605 2560; x_wconf 86' lang='lat' dir='ltr'><strong>llel</strong></span> <span class='ocrx_word' id='word_1_171' title='bbox 624 2511 759 2561; x_wconf 84' lang='lat' dir='ltr'><strong>aeternum</strong></span> <span class='ocrx_word' id='word_1_172' title='bbox 777 2510 921 2562; x_wconf 84' lang='lat' dir='ltr'><strong>secundum</strong></span> <span class='ocrx_word' id='word_1_173' title='bbox 939 2524 971 2562; x_wconf 85' lang='lat' dir='ltr'><strong>sc</strong></span> <span class='ocrx_word' id='word_1_174' title='bbox 989 2511 1071 2565; x_wconf 90' lang='lat' dir='ltr'><strong>incor-</strong></span> 
     </span>
     <span class='ocr_line' id='line_1_26' title="bbox 235 2593 1071 2660; baseline 0.006 -14"><span class='ocrx_word' id='word_1_175' title='bbox 235 2603 354 2658; x_wconf 84' lang='lat' dir='ltr'><strong>poreum,</strong></span> <span class='ocrx_word' id='word_1_176' title='bbox 375 2593 444 2657; x_wconf 81' lang='lat' dir='ltr'><strong>quoti</strong></span> <span class='ocrx_word' id='word_1_177' title='bbox 463 2597 503 2646; x_wconf 85' lang='lat' dir='ltr'><strong>est</strong></span> <span class='ocrx_word' id='word_1_178' title='bbox 522 2598 630 2646; x_wconf 82' lang='lat' dir='ltr'><strong>aeterno</strong></span> <span class='ocrx_word' id='word_1_179' title='bbox 647 2594 693 2646; x_wconf 82' lang='lat' dir='ltr'><strong>liel</strong></span> <span class='ocrx_word' id='word_1_180' title='bbox 711 2594 854 2659; x_wconf 86' lang='lat' dir='ltr'><strong>sapientia:</strong></span> <span class='ocrx_word' id='word_1_181' title='bbox 882 2597 936 2660; x_wconf 79' lang='lat' dir='ltr'><strong>Ego</strong></span> <span class='ocrx_word' id='word_1_182' title='bbox 954 2597 1016 2650; x_wconf 78' lang='lat' dir='ltr'><strong>clleo</strong></span> <span class='ocrx_word' id='word_1_183' title='bbox 1035 2599 1071 2651; x_wconf 89' lang='lat' dir='ltr'><strong>in·</strong></span> 
     </span>
     <span class='ocr_line' id='line_1_27' title="bbox 236 2678 1069 2749; baseline 0.008 -17"><span class='ocrx_word' id='word_1_184' title='bbox 236 2678 336 2732; x_wconf 83' lang='lat' dir='ltr'><strong>visibili</strong></span> <span class='ocrx_word' id='word_1_185' title='bbox 355 2681 381 2729; x_wconf 92' lang='lat' dir='ltr'><strong>et</strong></span> <span class='ocrx_word' id='word_1_186' title='bbox 397 2681 471 2740; x_wconf 80' lang='lat' dir='ltr'><strong>potu.</strong></span> <span class='ocrx_word' id='word_1_187' title='bbox 499 2681 543 2743; x_wconf 79' lang='lat' dir='ltr'><strong>oui</strong></span> <span class='ocrx_word' id='word_1_188' title='bbox 571 2681 604 2732; x_wconf 78' lang='lat' dir='ltr'><strong>ala</strong></span> <span class='ocrx_word' id='word_1_189' title='bbox 623 2681 771 2734; x_wconf 82' lang='lat' dir='ltr'><strong>horninibus</strong></span> <span class='ocrx_word' id='word_1_190' title='bbox 799 2681 883 2735; x_wconf 83' lang='lat' dir='ltr'><strong>uideri</strong></span> <span class='ocrx_word' id='word_1_191' title='bbox 902 2695 956 2736; x_wconf 93' lang='lat' dir='ltr'><strong>non</strong></span> <span class='ocrx_word' id='word_1_192' title='bbox 974 2687 1069 2749; x_wconf 77' lang='lat' dir='ltr'><strong>potest</strong></span> 
     </span>
     <span class='ocr_line' id='line_1_28' title="bbox 235 2761 620 2838; baseline -0.021 -20"><span class='ocrx_word' id='word_1_193' title='bbox 235 2769 304 2818; x_wconf 85' lang='lat' dir='ltr'><strong>utor.</strong></span> <span class='ocrx_word' id='word_1_194' title='bbox 326 2761 469 2828; x_wconf 62' lang='lat' dir='ltr'><strong>(Prono,</strong></span> <span class='ocrx_word' id='word_1_195' title='bbox 491 2761 550 2823; x_wconf 84' lang='grc'>18.)</span> <span class='ocrx_word' id='word_1_196' title='bbox 617 2833 620 2838; x_wconf 15' lang='grc' dir='ltr'><strong>Δ</strong></span> 
     </span>
    </p>

    <p class='ocr_par' dir='ltr' id='par_1_6' title="bbox 236 2849 1071 3266">
     <span class='ocr_line' id='line_1_29' title="bbox 305 2849 1071 2909; baseline 0.007 -7"><span class='ocrx_word' id='word_1_197' title='bbox 305 2849 426 2902; x_wconf 79' lang='lat' dir='ltr'><strong>secondo</strong></span> <span class='ocrx_word' id='word_1_198' title='bbox 452 2850 529 2902; x_wconf 76' lang='lat' dir='ltr'><strong>motio</strong></span> <span class='ocrx_word' id='word_1_199' title='bbox 546 2853 712 2905; x_wconf 84' lang='lat' dir='ltr'><strong>considerata</strong></span> <span class='ocrx_word' id='word_1_200' title='bbox 738 2853 874 2908; x_wconf 87' lang='lat' dir='ltr'><strong>rationalis</strong></span> <span class='ocrx_word' id='word_1_201' title='bbox 903 2861 1028 2909; x_wconf 83' lang='lat' dir='ltr'><strong>creatura</strong></span> <span class='ocrx_word' id='word_1_202' title='bbox 1044 2861 1071 2909; x_wconf 94' lang='lat' dir='ltr'><strong>ut</strong></span> 
     </span>
     <span class='ocr_line' id='line_1_30' title="bbox 236 2935 1071 3006; baseline 0.006 -17"><span class='ocrx_word' id='word_1_203' title='bbox 236 2941 279 2990; x_wconf 86' lang='lat' dir='ltr'><strong>cst</strong></span> <span class='ocrx_word' id='word_1_204' title='bbox 295 2935 399 2999; x_wconf 79' lang='lat' dir='ltr'><strong>corpori</strong></span> <span class='ocrx_word' id='word_1_205' title='bbox 417 2936 558 2998; x_wconf 81' lang='lat' dir='ltr'><strong>coniuncta</strong></span> <span class='ocrx_word' id='word_1_206' title='bbox 575 2938 645 2990; x_wconf 89' lang='lat' dir='ltr'><strong>sicut</strong></span> <span class='ocrx_word' id='word_1_207' title='bbox 662 2939 798 2991; x_wconf 82' lang='lat' dir='ltr'><strong>ollsslnrllls</strong></span> <span class='ocrx_word' id='word_1_208' title='bbox 815 2939 946 3004; x_wconf 84' lang='lat' dir='ltr'><strong>dissimili,</strong></span> <span class='ocrx_word' id='word_1_209' title='bbox 967 2943 1071 3006; x_wconf 85' lang='lat' dir='ltr'><strong>spiritus</strong></span> 
     </span>
     <span class='ocr_line' id='line_1_31' title="bbox 237 3022 1070 3094; baseline 0.008 -19"><span class='ocrx_word' id='word_1_210' title='bbox 237 3023 319 3084; x_wconf 88' lang='lat' dir='ltr'><strong>carni,</strong></span> <span class='ocrx_word' id='word_1_211' title='bbox 340 3022 482 3084; x_wconf 84' lang='lat' dir='ltr'><strong>pretiosum</strong></span> <span class='ocrx_word' id='word_1_212' title='bbox 510 3022 557 3074; x_wconf 86' lang='lat' dir='ltr'><strong>ulli</strong></span> <span class='ocrx_word' id='word_1_213' title='bbox 580 3023 726 3075; x_wconf 84' lang='lat' dir='ltr'><strong>secundum</strong></span> <span class='ocrx_word' id='word_1_214' title='bbox 744 3027 919 3080; x_wconf 83' lang='lat' dir='ltr'><strong>conditionem</strong></span> <span class='ocrx_word' id='word_1_215' title='bbox 938 3030 1070 3094; x_wconf 77' lang='lat' dir='ltr'><strong>utriusque</strong></span> 
     </span>
     <span class='ocr_line' id='line_1_32' title="bbox 237 3106 1071 3180; baseline 0.01 -20"><span class='ocrx_word' id='word_1_216' title='bbox 237 3111 347 3160; x_wconf 82' lang='lat' dir='ltr'><strong>naturas</strong></span> <span class='ocrx_word' id='word_1_217' title='bbox 364 3106 465 3169; x_wconf 76' lang='lat' dir='ltr'><strong>lnolgct</strong></span> <span class='ocrx_word' id='word_1_218' title='bbox 481 3118 527 3169; x_wconf 94' lang='lat' dir='ltr'><strong>pro</strong></span> <span class='ocrx_word' id='word_1_219' title='bbox 545 3111 655 3176; x_wconf 79' lang='lat' dir='ltr'><strong>utroquo</strong></span> <span class='ocrx_word' id='word_1_220' title='bbox 683 3109 740 3162; x_wconf 84' lang='lat' dir='ltr'><strong>cibo</strong></span> <span class='ocrx_word' id='word_1_221' title='bbox 759 3113 927 3167; x_wconf 82' lang='lat' dir='ltr'><strong>convenienti</strong></span> <span class='ocrx_word' id='word_1_222' title='bbox 945 3115 1009 3180; x_wconf 80' lang='lat' dir='ltr'><strong>sibl,</strong></span> <span class='ocrx_word' id='word_1_223' title='bbox 1028 3115 1071 3168; x_wconf 85' lang='lat' dir='ltr'><strong>sel</strong></span> 
     </span>
     <span class='ocr_line' id='line_1_33' title="bbox 237 3191 1071 3266; baseline 0.017 -24"><span class='ocrx_word' id='word_1_224' title='bbox 237 3192 370 3256; x_wconf 81' lang='lat' dir='ltr'><strong>ulsslnlll,</strong></span> <span class='ocrx_word' id='word_1_225' title='bbox 390 3193 451 3256; x_wconf 83' lang='lat' dir='ltr'><strong>qula</strong></span> <span class='ocrx_word' id='word_1_226' title='bbox 463 3192 571 3255; x_wconf 88' lang='lat' dir='ltr'><strong>spiritus</strong></span> <span class='ocrx_word' id='word_1_227' title='bbox 582 3191 715 3254; x_wconf 83' lang='lat' dir='ltr'><strong>spirituali</strong></span> <span class='ocrx_word' id='word_1_228' title='bbox 733 3197 766 3249; x_wconf 82' lang='lat' dir='ltr'><strong>acl</strong></span> <span class='ocrx_word' id='word_1_229' title='bbox 779 3197 884 3252; x_wconf 84' lang='lat' dir='ltr'><strong>modum</strong></span> <span class='ocrx_word' id='word_1_230' title='bbox 898 3202 999 3266; x_wconf 79' lang='lat' dir='ltr'><strong>augeli,</strong></span> <span class='ocrx_word' id='word_1_231' title='bbox 1020 3213 1071 3256; x_wconf 86' lang='lat' dir='ltr'><strong>cor·</strong></span> 
     </span>
    </p>
   </div>
   <div class='ocr_carea' id='block_1_3' title="bbox 0 0 1205 3759">
    <p class='ocr_par' dir='ltr' id='par_1_7' title="bbox 0 0 1205 3759">
     <span class='ocr_line' id='line_1_34' title="bbox 0 0 1205 3759; baseline 0 0"><span class='ocrx_word' id='word_1_232' title='bbox 0 0 1205 3759; x_wconf 95' lang='lat' dir='ltr'><strong> </strong></span> 
     </span>
    </p>
   </div>
  </div>
 </body>
</html>
