2384 3759
606 345 659 401 224

217 491 310 554 ingens
327 499 391 552 erpa
408 500 438 540 sc
455 485 611 540 beneiiclum
624 487 758 550 diligendo
776 486 862 550 sapiat
880 491 908 540 ct
925 487 1071 541 memoria

218 575 286 628 tanti
304 576 400 628 amoris
425 577 453 628 et
478 572 607 637 largitatis
625 574 816 626 sacramentum
833 585 967 638 nunquam
986 573 1070 626 obli-

217 660 341 715 riscmdo
358 671 462 724 semper
478 662 576 712 teneat.

288 747 375 801 lertio
392 746 539 812 quaeritur:
559 755 626 811 onae
643 743 678 796 alt
694 743 839 808 spiritualis
855 744 975 797 suavitas
994 756 1069 808 gru-

219 833 282 898 tiae,
310 845 377 899 onae
403 833 436 885 de
463 833 510 884 tali
537 843 588 884 usn
614 831 672 884 siva
701 830 734 883 de
751 829 900 894 pertusione
917 831 1065 895 praedicta

150 927 152 930 ’
218 919 297 984 injus
315 919 448 983 exoritur3
467 921 494 971 et
505 921 592 982 potest
610 917 671 980 dici,
691 917 761 982 quod
777 917 841 970 iacit
852 917 966 969 animam
979 919 1063 983 qnasi

218 1005 370 1070 paradisum
381 1005 428 1058 liei
440 1005 473 1058 de
485 1004 615 1057 suauitate
626 1003 703 1068 hujus
720 1003 830 1068 gratiae.
862 1005 883 1056 Ι.
897 1004 952 1056 Pet.
967 1001 993 1068 1,
1009 1002 1057 1057 2:

219 1094 251 1147 ln
276 1093 429 1157 aspersione
457 1091 593 1156 sanguinis
619 1092 682 1144 lesu
709 1078 804 1144 christi
823 1089 917 1156 ¹gratia
935 1091 1009 1144 vobis
1027 1095 1059 1145 et

221 1179 496 1243 panmnltlplicetnr:
515 1178 600 1242 gratia
618 1177 742 1230 uirtutum
761 1175 892 1240 fertilitas,
915 1189 974 1241 pax,
993 1177 1053 1228 dol·

219 1265 285 1317 cedo
302 1263 388 1316 cordis
406 1265 484 1328 atone
495 1263 631 1315 serenitas.
662 1263 742 1326 Holus
760 1263 878 1322 suavitas
890 1263 987 1326 gratiae
1003 1274 1054 1326 per

220 1349 400 1413 irrigationem
418 1349 553 1413 sanguinis
566 1347 661 1403 curisti
674 1351 840 1411 comparatur
856 1348 979 1413 paradiso
996 1349 1049 1402 bei.

219 1431 420 1499 uccl.40‚1l.:
442 1436 530 1489 Gratia
547 1435 616 1488 sicut
627 1435 765 1500 paradisus
783 1433 810 1486 in
828 1433 1052 1488 benedictionibus

220 1524 239 1576 l.
259 1534 283 1575 e.
304 1522 373 1574 sicut
398 1525 489 1576 nortus
506 1522 552 1576 liei
577 1523 606 1574 in
633 1521 712 1573 variis
739 1520 893 1573 deliciarum
915 1521 1051 1575 fructibus.

222 1609 275 1664 lcr.
290 1605 334 1672 31,
356 1605 415 1662 la:
443 1609 498 1662 Erit
515 1609 601 1661 animo
622 1619 711 1660 eorurn
729 1607 803 1672 quasi
821 1609 913 1660 narius
931 1607 1052 1670 irriguus.

221 1696 331 1762 lmigatu
358 1697 428 1748 enim
455 1697 545 1748 anima
563 1693 703 1746 dulcedine
730 1693 864 1756 sanguinis
883 1693 979 1746 christi
997 1705 1056 1758 pro·

220 1783 273 1836 iert
289 1781 419 1846 triplicem
436 1781 593 1834 suavitatem
612 1779 713 1844 gratiae
732 1791 768 1831 sc.
798 1779 887 1830 dulces
906 1779 985 1832 tiores
1003 1780 1055 1833 uir·

220 1872 315 1932 tntum,
334 1867 442 1920 irondes
458 1867 607 1930 verborum,
627 1865 727 1919 tructus
738 1873 861 1928 operum.

291 1953 377 2006 Primo
394 1953 523 2018 spirituali
535 1951 663 2006 eilusione
675 1950 810 2015 sanguinis
821 1951 917 2004 virbii
935 1951 1057 2004 oriuntur

221 2038 297 2106 quasi
323 2041 351 2092 in
377 2039 499 2104 paradiso
516 2041 562 2092 liei
580 2039 671 2092 dulces
694 2039 721 2091 et
743 2037 808 2091 varii
826 2037 904 2090 liores
921 2036 1057 2090 virtutum.

221 2127 286 2180 Nam
313 2124 382 2178 sicut
407 2127 515 2190 sangnis
541 2125 655 2179 bominis
682 2125 811 2188 triplicem
833 2123 913 2176 babet
929 2125 1055 2185 colorem,

221 2223 303 2264 sanus
319 2211 440 2276 rubeum,
467 2215 556 2266 coctus
583 2213 694 2264 mulium
721 2213 835 2264 colorem
858 2211 944 2263 album
962 2209 1055 2273 babet,

221 2301 253 2351 nt
270 2299 311 2349 lac
328 2297 357 2350 in
373 2299 508 2363 mamillis,
526 2302 554 2351 et
570 2289 686 2350 maxima
698 2300 787 2350 coctus
806 2297 921 2361 nigrum:
945 2296 983 2348 sic
1001 2297 1056 2360 spi-

221 2382 325 2443 ritualis
352 2383 489 2436 influentia
515 2384 651 2446 sanguinis
671 2383 765 2438 Christi
783 2386 905 2446 operatur
921 2383 950 2434 in
967 2383 1057 2436 anima

222 2470 298 2533 qnasi
323 2469 351 2521 in
369 2471 492 2533 paradiso
509 2471 555 2523 bei
582 2473 658 2524 liores
676 2471 802 2524 virtutum
820 2468 884 2522 varii
902 2469 999 2522 coloris
1015 2481 1052 2521 sc.

222 2555 439 2621 maecenatis,
469 2557 526 2610 lilia
544 2556 680 2621 castitatis,
708 2556 793 2608 violas
816 2553 981 2606 humilitatis.
1018 2555 1055 2607 be

222 2639 321 2705 primo:
334 2641 422 2694 iustus
435 2644 509 2707 qnasi
521 2644 569 2696 ilos
578 2653 695 2698 rosarum
710 2642 737 2694 in
747 2641 834 2694 verinis
850 2639 934 2706 (Eccl.
947 2637 990 2693 50.
1002 2640 1051 2703 8.);

222 2725 286 2793 quia
307 2726 400 2779 rutilat
424 2740 500 2782 roseo
526 2729 655 2793 sangnine
684 2728 778 2783 curisti
805 2729 902 2780 virtute
928 2726 1049 2780 caritatis.

222 2839 257 2850 -
275 2815 312 2866 lie
329 2813 459 2866 secundo:
487 2815 575 2868 iustus
593 2815 668 2880 quasi
686 2814 753 2877 lilia,
781 2823 848 2877 quae
866 2815 928 2865 sunt
944 2810 1055 2864 transitu

221 2911 313 2964 aquae,
340 2911 392 2964 qua
419 2910 455 2950 sc.
475 2898 589 2951 candent
616 2901 745 2968 castitate,
774 2903 800 2952 et
823 2897 891 2952 bene
909 2897 1009 2950 decocti
1028 2897 1056 2951 in

222 2983 301 3035 corde
318 2983 374 3047 elus
392 2983 486 3036 christi
511 2985 647 3046 sanguinis
664 2985 826 3050 irrigatione.
863 2979 1054 3053 ipoc.l,14,:

222 3067 355 3120 Laterunt
370 3071 453 3120 stolas
470 3080 532 3120 suas
558 3071 584 3121 ct
611 3070 802 3125 dealbaverunt
819 3083 864 3123 eas
883 3071 910 3123 ln
927 3071 1055 3131 santuine

224 3146 313 3212 agni(
332 3153 382 3205 ose
394 3149 437 3219 14,
449 3153 489 3206 o:
509 3153 558 3205 Ero
583 3156 659 3219 quasi
685 3169 728 3210 ros
754 3159 782 3210 et
799 3157 881 3212 lsrael
898 3157 1057 3221 germinabit
