2384 3759
600 341 653 396 184

1101 422 1102 448 l

208 484 435 545 maledictionum,
455 483 525 548 quod
536 494 585 548 per
595 481 773 536 idololatriam
785 484 868 536 iteum
882 482 1056 548 proiecerunt

209 576 239 626 et
248 576 340 638 postea
348 563 455 625 ludaeis
468 570 563 635 impiis,
572 569 643 636 quod
655 569 785 622 christum
794 580 848 622 non
859 573 1052 633 susceperunt:

209 658 248 713 sic
273 659 351 712 modo
370 657 524 712 christanis
542 657 686 710 maximum
704 659 744 708 est
765 658 902 719 peecatum
927 660 957 708 et
973 667 1053 710 musa

209 745 358 810 plagarum,
387 743 456 807 qnod
481 753 575 806 corpus
592 742 740 794 salvatoris
764 740 874 804 indigne
893 742 1051 805 suscipiunt.

211 831 335 894 Gregor:
366 831 474 882 creator
489 829 607 880 omnium
624 839 673 891 per
689 827 879 880 incarnationis
896 828 1054 891 mysterium

209 915 336 968 iudaeam
363 915 471 967 visitare
489 914 611 976 dignatus
629 917 684 978 est,
712 914 759 966 sed
777 913 838 978 quia
856 925 910 967 non
929 913 1054 976 cognouit

209 1003 314 1064 tempus
341 999 499 1054 visitationis
516 1011 596 1063 suae,
625 999 685 1052 ideo
712 999 834 1063 gentibus
852 1001 1010 1065 frequenter
1027 1001 1054 1054 in

209 1087 335 1152 praedam
353 1087 415 1140 data
432 1086 574 1139 novissime
593 1085 715 1140 mmanm
733 1084 830 1138 tradita
848 1090 901 1150 asta
924 1089 953 1138 et
974 1097 1053 1140 rene·

213 1179 276 1228 runt
293 1184 372 1238 super
390 1185 448 1225 eam
467 1172 556 1224 omnia
579 1183 676 1236 genero
695 1171 919 1238 maledictionum,
939 1173 1053 1237 quaein

211 1261 279 1313 libro
309 1259 376 1322 legis
402 1258 500 1322 scripta
529 1263 600 1312 sunt.
637 1258 764 1312 similiter
790 1259 841 1323 his,
869 1260 915 1325 qni
941 1260 1054 1324 gratiam
1109 1315 1110 1318 ,

211 1345 260 1398 ltei
278 1344 375 1408 ingrati
393 1346 536 1410 acciplunt,
555 1347 628 1398 certa
650 1347 691 1396 cst
709 1345 852 1398 damnatio,
889 1346 990 1410 Plagae
1008 1357 1054 1398 au·
1109 1345 1110 1378 ³

212 1433 266 1485 tem
294 1430 411 1495 triplices
438 1443 496 1484 esse
514 1434 636 1495 possunt:
659 1431 743 1486 multa
761 1432 856 1486 damna
873 1432 1053 1496 spiritualium

212 1516 350 1582 bonorum,
379 1517 506 1570 sterilitas
532 1521 619 1570 terrae
646 1519 702 1572 sive
730 1519 836 1573 caristia
854 1520 1052 1583 temporalium,
1111 1551 1112 1560 2

214 1607 301 1670 pestes
320 1616 457 1669 corporum
475 1607 503 1656 et
519 1608 621 1669 suares
643 1606 787 1658 danninum.
824 1607 860 1658 lte
880 1605 980 1669 prima:
1001 1607 1053 1659 ida·

212 1701 276 1743 num
303 1703 378 1746 suam
395 1691 467 1744 misit
493 1690 576 1743 nostls
606 1693 639 1744 ad
666 1693 754 1744 omnia
778 1691 967 1745 desiderabilia
986 1693 1051 1756 eius,

213 1777 276 1842 quia
293 1776 359 1829 vidit
377 1781 468 1840 gentes
486 1777 618 1840 ingressas
643 1778 821 1833 sanctuarium
839 1783 923 1841 tuum,
944 1777 979 1830 de
998 1778 1053 1844 qni·
1110 1819 1114 1838 ,

213 1863 263 1915 laus
275 1875 456 1927 praeceperas,
469 1875 503 1915 ne
515 1863 646 1917 intrarent
657 1865 795 1918 ecclesiam
808 1868 889 1917 tuan.
901 1865 936 1924 (l.
953 1866 1053 1917 ihren.

213 1945 306 2014 1,10.)
343 1951 442 2003 Gloss:
462 1951 548 2004 llostls
565 1951 691 2016 antiquus
709 1951 741 2003 ad
761 1949 950 2002 desiderabilia
969 1951 1053 2004 eccle·

213 2035 270 2088 siae
295 2047 402 2089 manum
431 2037 512 2088 mittit
539 2040 567 2089 et
593 2037 757 2100 spiritualem
781 2039 902 2090 ornatum
920 2037 1010 2090 aniert
1027 2039 1053 2089 in

215 2123 341 2177 memoris
359 2123 431 2175 illius
443 2122 521 2175 iidem
534 2123 725 2186 contaminans,
745 2123 876 2186 baptisma
887 2123 1050 2185 rescindens,

213 2207 233 2260 l.
253 2219 277 2260 e.
298 2209 408 2271 gratiam
437 2210 465 2262 in
492 2209 622 2273 baptismo
640 2209 738 2272 datam,
767 2209 912 2262 doctrinam
937 2221 1053 2262 cornum·

212 2301 288 2360 pens,
308 2307 402 2361 corpas
421 2300 448 2350 et
464 2298 619 2362 sangninem
638 2295 733 2349 christi
756 2293 864 2358 indigne
886 2297 1006 2348 tractans
1027 2297 1054 2347 et

212 2392 277 2434 vasa
294 2381 409 2444 pretiosa
427 2383 444 2434 l.
466 2395 489 2435 e.
509 2395 572 2436 ores
591 2382 686 2436 christi
708 2381 783 2447 qnasi
803 2383 879 2445 lupus
897 2381 1050 2434 devastans,

212 2467 244 2519 Et
260 2478 340 2518 cansa
357 2469 423 2520 tanti
441 2471 505 2522 mall
523 2470 648 2533 redditur,
669 2470 729 2533 poia
753 2470 844 2532 gentes
862 2468 879 2518 i.
900 2479 923 2519 e.
945 2479 1052 2520 caruem

212 2557 332 2605 amantes
359 2557 386 2605 et
404 2555 499 2607 christi
525 2555 750 2609 circumcisionem
774 2565 826 2606 non
844 2552 984 2616 labentes,
1004 2553 1051 2604 mi·

213 2639 290 2692 uistri
318 2639 409 2692 altaris
437 2640 596 2694 eliciuntur.
631 2643 668 2696 lle
695 2640 810 2693 secunda
838 2641 929 2704 plaga:
958 2640 988 2692 si
1007 2651 1051 2692 au-

214 2725 272 2780 dire
299 2725 417 2778 nolueris
443 2739 534 2780 vocem
548 2727 654 2782 Domini
673 2727 718 2780 Dei
736 2727 788 2792 tui,
815 2729 845 2779 ut
862 2725 945 2778 iacias
963 2725 1050 2778 omnia

210 2812 336 2868 mandata
354 2811 418 2879 eins,
446 2815 554 2867 uenient
580 2827 660 2879 super
685 2817 712 2866 te
739 2825 830 2866 omnes
850 2813 1050 2866 maledictiones

211 2901 287 2952 istae.
325 2901 479 2952 Maledictus
497 2901 597 2952 fructas
616 2905 702 2953 terrae
724 2902 794 2963 tune,
826 2901 945 2953 armenta
972 2900 1050 2952 boum

211 2985 240 3035 et
256 2995 349 3048 greges
367 2983 455 3036 ovium
473 2986 523 3034 etc.
542 2983 639 3043 (deut.
651 2981 767 3049 28,15.)
802 2985 839 3037 lie
858 2985 936 3038 tertia
955 2986 1048 3049 plaga:

211 3068 275 3121 ldeo
293 3069 361 3122 inter
378 3080 425 3121 vos
442 3068 518 3119 multi
536 3067 634 3122 inilrmi
653 3074 679 3123 et
697 3063 842 3124 imbecilles
872 3074 900 3122 et
916 3071 1050 3124 dormiunt

213 3154 291 3204 multi
309 3165 345 3206 sc.
365 3164 458 3205 manno
474 3155 566 3205 mortis
585 3154 629 3205 vel
647 3156 693 3208 liei
712 3157 821 3212 verbere
834 3159 877 3211 vel
889 3157 1049 3222 proeliorum
