2384 3759
540 355 591 425 tei

143 499 218 566 quui
236 509 290 553 nen
309 496 597 550 meutiemintbenum
615 495 664 550 sub
682 499 748 562 sele,
768 501 819 554 uisi
832 501 902 566 quet
914 513 984 556 eam·

144 586 242 638 ederet
260 587 288 636 et
305 583 407 642 niteret
423 587 501 648 atuue
519 583 658 647 genimen
680 586 754 649 quasi
772 586 857 640 dieat:
878 588 985 644 laudari

145 684 214 737 urae
243 670 365 722 omuibus
394 669 523 724 laetitiam
551 683 587 723 se.
609 681 698 724 veram
726 672 744 724 i.
765 686 788 726 e.
809 675 986 728 testimenium

147 760 237 812 benaa
254 757 432 809 eausaieutiae
450 760 478 810 et
494 756 564 821 quei
582 767 635 809 uun
653 759 723 810 esset
735 759 832 810 numiui
850 759 899 812 sub
917 761 983 822 sete,

147 845 166 897 i.
178 844 312 898 emelim
329 842 357 894 iu
369 845 420 896 hee
436 842 546 906 munde,
565 841 616 907 nisi
635 843 704 906 quad
727 843 876 896 comederet
891 854 986 907 panem

149 943 186 982 sa.
207 930 255 994 qui
273 929 307 981 tie
325 930 397 982 meio
410 929 547 982 deseendit
564 931 591 981 et
607 927 709 982 biberet
725 930 825 992 riuum,
844 930 914 994 quoi
930 925 986 984 lae·

149 1015 232 1070 tineat
249 1015 426 1068 certaminis
443 1028 480 1068 se.
498 1015 655 1080 sauguinem
672 1015 782 1068 Domini.

219 1103 343 1156 seeundo
360 1103 485 1166 probatur
495 1101 609 1154 felicitas
626 1101 735 1154 istarum
746 1113 853 1164 magua,
871 1113 887 1153 a
904 1100 986 1165 spirt-

150 1195 192 1244 tus
210 1188 298 1242 saneti
314 1200 377 1242 uera
393 1188 602 1252 participatione
640 1189 701 1251 sau.
716 1183 759 1251 12,
774 1183 812 1240 1.:
831 1199 908 1253 quam
926 1199 987 1242 sua·

150 1278 192 1332 uis
209 1279 253 1330 est
267 1275 392 1328 Bomiuus
403 1275 517 1338 spiritus
533 1279 595 1328 tuus
613 1273 641 1326 iu
658 1273 743 1337 nubis,
763 1275 807 1340 qui
826 1287 862 1328 se.
883 1275 941 1330 iiuit
958 1274 987 1328 iu

150 1362 229 1416 uubis
256 1359 290 1412 de
308 1364 354 1413 tue
375 1371 493 1424 eernere.
530 1363 616 1424 nuez
643 1361 845 1425 Partieipatiene
869 1363 987 1427 carueris

151 1452 179 1502 et
207 1447 345 1512 sanguinis
362 1447 458 1501 curisti
485 1448 564 1499 neure
590 1446 659 1500 uiuit
686 1459 740 1500 neu
762 1453 987 1504 sumenstautum

150 1537 356 1598 sacramentum,
374 1533 444 1598 quoi
463 1541 489 1585 et
506 1534 568 1585 maii
580 1532 690 1596 iaciunt,
709 1533 757 1585 aed
774 1535 926 1598 pertingens
943 1547 986 1588 us·

153 1633 204 1687 que
223 1621 257 1672 aa
275 1619 382 1684 spiritus
399 1619 635 1684 participationem,
664 1620 694 1669 ut
714 1617 742 1669 in
761 1630 867 1682 corpure
885 1618 987 1674 Domini

151 1710 280 1772 tanquam
296 1704 441 1758 membrum
459 1709 567 1757 maneat
582 1708 610 1757 et
627 1704 682 1768 eius
692 1705 787 1768 spiritu
805 1707 950 1768 vegetetur.

224 1792 311 1845 Tertio
328 1792 453 1855 probatur
475 1786 508 1843 ab
527 1791 610 1854 insius
638 1789 733 1844 curisti
761 1793 832 1844 certe
858 1789 987 1844 inhabita-

153 1882 236 1934 tiene.
274 1878 342 1931 iiii:
362 1881 473 1942 accepta
491 1889 569 1930 earne
583 1875 684 1929 Domini
703 1879 730 1929 et
747 1878 841 1930 haustu
860 1877 988 1942 sanguine

152 1968 180 2019 iti
199 1965 323 2028 emetiar,
342 1967 373 2016 ut
389 1976 437 2016 uus
454 1963 481 2016 iu
500 1963 557 2026 inse
574 1964 603 2014 et
615 1963 732 2016 christus
751 1963 778 2014 in
790 1963 864 2016 nohis
881 1963 929 2028 sit3
949 1968 990 2016 eet

154 2055 225 2108 euirn
243 2051 271 2103 iu
289 2051 364 2104 uobis
383 2050 500 2106 caristus
527 2063 575 2114 ner
592 2061 708 2110 earnem,
728 2049 790 2103 dum
809 2061 914 2104 earnem
932 2049 988 2112 eius

152 2138 297 2202 accinimus
322 2139 350 2190 et
366 2137 393 2189 iu
412 2148 444 2188 ee
460 2148 560 2198 sumus,
588 2136 650 2188 dum
669 2137 834 2198 sesumam,
855 2137 923 2201 qued
940 2147 989 2190 nes

153 2237 256 2286 sumus,
275 2223 303 2276 in
321 2223 373 2276 itee
391 2227 440 2276 est.

223 2310 339 2362 Tertium
358 2310 427 2362 cirea
441 2311 510 2362 iruue
521 2308 624 2360 medum
640 2307 857 2360 considerandum
869 2311 909 2358 est
921 2309 988 2362 ratio

154 2395 398 2451 remanducationis
416 2396 495 2458 digne
513 2393 740 2456 manducantium,
769 2393 801 2445 de
819 2405 870 2457 uara
887 2405 989 2446 reman-

153 2473 297 2537 'riueatiene
324 2481 434 2534 dieitur:
465 2482 534 2534 tales
563 2480 723 2534 manducant
745 2482 772 2532 et
789 2481 988 2536 manducantur.

153 2567 990 2634 ummmfflmmwmma

156 2655 281 2708 fidelibus
294 2654 468 2708 manducatur
478 2667 531 2708 nun
544 2655 640 2718 iusum,
660 2657 690 2707 ut
702 2655 769 2708 atius
781 2655 855 2710 eitius
873 2656 899 2708 iu
917 2669 990 2708 mau-

156 2743 296 2794 iueantem
314 2741 483 2802 conuertitur,
511 2742 559 2794 sei
577 2754 735 2795 econverso
753 2741 819 2794 iliud
838 2755 900 2795 vere
918 2751 991 2792 man·

155 2829 255 2882 duetus
273 2828 301 2880 iu
318 2827 384 2883 iiiut
401 2827 575 2892 spirituaiiter
590 2832 716 2882 mutatur.
749 2830 813 2882 Nam
831 2827 991 2880 manducau-

155 2920 208 2968 tem
225 2926 256 2968 se
269 2913 393 2968 nonanus
409 2915 451 2967 sui
468 2915 582 2979 cernaris
593 2917 739 2970 membrum
757 2915 822 2968 feeit
839 2918 866 2965 et
882 2911 933 2964 siai
952 2911 991 2966 iu·

156 3012 300 3066 munerans
317 3013 365 3064 uer
381 3002 516 3054 caritatem
534 3001 592 3054 unit
617 3005 643 3054 et
661 3001 768 3066 imagini
787 3012 850 3054 suae
869 2997 992 3052 bonitatis

156 3089 272 3142 similem
290 3087 388 3140 ettieit:
416 3087 467 3140 ves
494 3087 559 3139 estis
580 3101 674 3152 euruus
693 3089 787 3141 Christi
805 3089 832 3140 et
849 3083 992 3138 membrum

158 3177 191 3230 ie
215 3174 339 3232 membre
366 3175 386 3226 1.
404 3174 463 3228 cer.
482 3172 526 3236 10,
545 3169 587 3225 12.
625 3172 700 3236 Quodn
723 3184 785 3224 vera
813 3169 992 3224 manducante
