<?xml version="1.0" encoding="UTF-8"?>
<!DOCTYPE html PUBLIC "-//W3C//DTD XHTML 1.0 Transitional//EN"
    "http://www.w3.org/TR/xhtml1/DTD/xhtml1-transitional.dtd">
<html xmlns="http://www.w3.org/1999/xhtml" xml:lang="en" lang="en">
 <head>
  <title>
</title>
<meta http-equiv="Content-Type" content="text/html;charset=utf-8" />
  <meta name='ocr-system' content='tesseract 3.04.00' />
  <meta name='ocr-capabilities' content='ocr_page ocr_carea ocr_par ocr_line ocrx_word'/>
</head>
<body>
  <div class='ocr_page' id='page_1' title='image "./paradisusanimae00sailgoog_0055.png"; bbox 0 0 2384 3759; ppageno 0'>
   <div class='ocr_carea' id='block_1_1' title="bbox 541 357 577 415">
    <p class='ocr_par' dir='ltr' id='par_1_1' title="bbox 541 357 577 415">
     <span class='ocr_line' id='line_1_1' title="bbox 541 357 577 415; baseline 0 0"><span class='ocrx_word' id='word_1_1' title='bbox 541 357 577 415; x_wconf 74' lang='grc'><strong>83</strong></span> 
     </span>
    </p>
   </div>
   <div class='ocr_carea' id='block_1_2' title="bbox 134 498 978 747">
    <p class='ocr_par' dir='ltr' id='par_1_2' title="bbox 134 498 978 747">
     <span class='ocr_line' id='line_1_2' title="bbox 207 498 978 566; baseline 0.006 -16"><span class='ocrx_word' id='word_1_2' title='bbox 207 498 341 550; x_wconf 79' lang='lat' dir='ltr'><strong>Similiter</strong></span> <span class='ocrx_word' id='word_1_3' title='bbox 372 507 434 550; x_wconf 83' lang='lat' dir='ltr'><strong>vert</strong></span> <span class='ocrx_word' id='word_1_4' title='bbox 465 499 640 562; x_wconf 74' lang='lat' dir='ltr'><strong>temperentia</strong></span> <span class='ocrx_word' id='word_1_5' title='bbox 668 501 819 553; x_wconf 78' lang='lat' dir='ltr'><strong>mouentur</strong></span> <span class='ocrx_word' id='word_1_6' title='bbox 849 502 978 566; x_wconf 71' lang='lat' dir='ltr'><strong>linguam,</strong></span> 
     </span>
     <span class='ocr_line' id='line_1_3' title="bbox 135 583 978 655; baseline 0.008 -19"><span class='ocrx_word' id='word_1_7' title='bbox 135 585 244 648; x_wconf 76' lang='lat' dir='ltr'><strong>qnando</strong></span> <span class='ocrx_word' id='word_1_8' title='bbox 262 583 367 636; x_wconf 77' lang='lat' dir='ltr'><strong>scillcet</strong></span> <span class='ocrx_word' id='word_1_9' title='bbox 378 585 549 648; x_wconf 79' lang='lat' dir='ltr'><strong>loquendum,</strong></span> <span class='ocrx_word' id='word_1_10' title='bbox 569 585 675 649; x_wconf 80' lang='lat' dir='ltr'><strong>quondo</strong></span> <span class='ocrx_word' id='word_1_11' title='bbox 686 589 835 651; x_wconf 68' lang='lat' dir='ltr'><strong>moenium,</strong></span> <span class='ocrx_word' id='word_1_12' title='bbox 849 592 978 655; x_wconf 76' lang='lat' dir='ltr'><strong>utquom-</strong></span> 
     </span>
     <span class='ocr_line' id='line_1_4' title="bbox 134 669 977 747; baseline 0.012 -27"><span class='ocrx_word' id='word_1_13' title='bbox 134 669 191 732; x_wconf 84' lang='lat' dir='ltr'><strong>diu‚</strong></span> <span class='ocrx_word' id='word_1_14' title='bbox 211 671 264 722; x_wconf 83' lang='lat' dir='ltr'><strong>noo</strong></span> <span class='ocrx_word' id='word_1_15' title='bbox 281 670 333 729; x_wconf 86' lang='lat' dir='ltr'><strong>est,</strong></span> <span class='ocrx_word' id='word_1_16' title='bbox 353 672 471 747; x_wconf 73' lang='lat' dir='ltr'><strong>temouue</strong></span> <span class='ocrx_word' id='word_1_17' title='bbox 490 671 651 735; x_wconf 63' lang='lat' dir='ltr'><strong>opportunum</strong></span> <span class='ocrx_word' id='word_1_18' title='bbox 672 670 714 722; x_wconf 86' lang='lat' dir='ltr'><strong>oui</strong></span> <span class='ocrx_word' id='word_1_19' title='bbox 731 673 904 739; x_wconf 79' lang='lat' dir='ltr'><strong>loquentium,</strong></span> <span class='ocrx_word' id='word_1_20' title='bbox 927 677 977 729; x_wconf 81' lang='lat' dir='ltr'><strong>su-</strong></span> 
     </span>
    </p>
   </div>
   <div class='ocr_carea' id='block_1_3' title="bbox 133 754 980 3124">
    <p class='ocr_par' dir='ltr' id='par_1_3' title="bbox 133 754 980 1502">
     <span class='ocr_line' id='line_1_5' title="bbox 135 754 979 822; baseline 0.008 -16"><span class='ocrx_word' id='word_1_21' title='bbox 135 755 201 806; x_wconf 83' lang='lat' dir='ltr'><strong>tieet</strong></span> <span class='ocrx_word' id='word_1_22' title='bbox 218 754 376 807; x_wconf 82' lang='lat' dir='ltr'><strong>nominibus</strong></span> <span class='ocrx_word' id='word_1_23' title='bbox 393 765 446 806; x_wconf 93' lang='lat' dir='ltr'><strong>nou</strong></span> <span class='ocrx_word' id='word_1_24' title='bbox 463 754 609 818; x_wconf 79' lang='lat' dir='ltr'><strong>smoeotts3</strong></span> <span class='ocrx_word' id='word_1_25' title='bbox 636 754 742 818; x_wconf 81' lang='lat' dir='ltr'><strong>quondo</strong></span> <span class='ocrx_word' id='word_1_26' title='bbox 767 757 926 822; x_wconf 80' lang='lat' dir='ltr'><strong>loquentium</strong></span> <span class='ocrx_word' id='word_1_27' title='bbox 951 764 979 813; x_wconf 88' lang='lat' dir='ltr'><strong>et</strong></span> 
     </span>
     <span class='ocr_line' id='line_1_6' title="bbox 133 840 979 907; baseline 0.004 -14"><span class='ocrx_word' id='word_1_28' title='bbox 133 840 195 904; x_wconf 83' lang='lat' dir='ltr'><strong>uiu;</strong></span> <span class='ocrx_word' id='word_1_29' title='bbox 224 840 329 892; x_wconf 77' lang='lat' dir='ltr'><strong>scilicet</strong></span> <span class='ocrx_word' id='word_1_30' title='bbox 355 843 472 903; x_wconf 78' lang='lat' dir='ltr'><strong>tompore</strong></span> <span class='ocrx_word' id='word_1_31' title='bbox 497 842 524 892; x_wconf 84' lang='lat' dir='ltr'><strong>ot</strong></span> <span class='ocrx_word' id='word_1_32' title='bbox 549 841 610 893; x_wconf 85' lang='lat' dir='ltr'><strong>loeo</strong></span> <span class='ocrx_word' id='word_1_33' title='bbox 632 851 687 892; x_wconf 91' lang='lat' dir='ltr'><strong>non</strong></span> <span class='ocrx_word' id='word_1_34' title='bbox 703 844 840 905; x_wconf 74' lang='lat' dir='ltr'><strong>suspecto3</strong></span> <span class='ocrx_word' id='word_1_35' title='bbox 867 843 979 907; x_wconf 76' lang='lat' dir='ltr'><strong>quanter</strong></span> 
     </span>
     <span class='ocr_line' id='line_1_7' title="bbox 137 924 978 994; baseline -0.001 -14"><span class='ocrx_word' id='word_1_36' title='bbox 137 926 304 992; x_wconf 79' lang='lat' dir='ltr'><strong>loquendum</strong></span> <span class='ocrx_word' id='word_1_37' title='bbox 322 928 350 978; x_wconf 82' lang='lat' dir='ltr'><strong>et</strong></span> <span class='ocrx_word' id='word_1_38' title='bbox 366 928 502 991; x_wconf 84' lang='lat' dir='ltr'><strong>quonium,</strong></span> <span class='ocrx_word' id='word_1_39' title='bbox 520 924 622 978; x_wconf 77' lang='lat' dir='ltr'><strong>seilicet</strong></span> <span class='ocrx_word' id='word_1_40' title='bbox 637 927 756 989; x_wconf 74' lang='lat' dir='ltr'><strong>maturo,</strong></span> <span class='ocrx_word' id='word_1_41' title='bbox 776 938 834 978; x_wconf 87' lang='lat' dir='ltr'><strong>oum</strong></span> <span class='ocrx_word' id='word_1_42' title='bbox 851 927 978 994; x_wconf 73' lang='lat' dir='ltr'><strong>pondere,</strong></span> 
     </span>
     <span class='ocr_line' id='line_1_8' title="bbox 134 1010 978 1075; baseline 0.005 -13"><span class='ocrx_word' id='word_1_43' title='bbox 134 1022 249 1063; x_wconf 82' lang='lat' dir='ltr'><strong>numero</strong></span> <span class='ocrx_word' id='word_1_44' title='bbox 268 1013 297 1062; x_wconf 86' lang='lat' dir='ltr'><strong>et</strong></span> <span class='ocrx_word' id='word_1_45' title='bbox 312 1021 449 1074; x_wconf 80' lang='lat' dir='ltr'><strong>mensuru3</strong></span> <span class='ocrx_word' id='word_1_46' title='bbox 468 1013 578 1073; x_wconf 72' lang='lat' dir='ltr'><strong>orontes</strong></span> <span class='ocrx_word' id='word_1_47' title='bbox 595 1010 657 1074; x_wconf 80' lang='lat' dir='ltr'><strong>uuit</strong></span> <span class='ocrx_word' id='word_1_48' title='bbox 676 1011 851 1075; x_wconf 78' lang='lat' dir='ltr'><strong>loquendum,</strong></span> <span class='ocrx_word' id='word_1_49' title='bbox 875 1011 978 1067; x_wconf 70' lang='lat' dir='ltr'><strong>mittem</strong></span> 
     </span>
     <span class='ocr_line' id='line_1_9' title="bbox 137 1094 979 1163; baseline 0.005 -15"><span class='ocrx_word' id='word_1_50' title='bbox 137 1101 250 1160; x_wconf 76' lang='lat' dir='ltr'><strong>propter</strong></span> <span class='ocrx_word' id='word_1_51' title='bbox 275 1095 461 1148; x_wconf 79' lang='lat' dir='ltr'><strong>necessitatem</strong></span> <span class='ocrx_word' id='word_1_52' title='bbox 484 1097 527 1150; x_wconf 85' lang='lat' dir='ltr'><strong>vel</strong></span> <span class='ocrx_word' id='word_1_53' title='bbox 545 1094 700 1150; x_wconf 71' lang='lat' dir='ltr'><strong>utilitatem:</strong></span> <span class='ocrx_word' id='word_1_54' title='bbox 722 1109 769 1160; x_wconf 79' lang='lat' dir='ltr'><strong>oro</strong></span> <span class='ocrx_word' id='word_1_55' title='bbox 787 1098 882 1162; x_wconf 74' lang='lat' dir='ltr'><strong>uotum</strong></span> <span class='ocrx_word' id='word_1_56' title='bbox 899 1111 979 1163; x_wconf 68' lang='lat' dir='ltr'><strong>nego·</strong></span> 
     </span>
     <span class='ocr_line' id='line_1_10' title="bbox 135 1179 980 1244; baseline 0.006 -10"><span class='ocrx_word' id='word_1_57' title='bbox 135 1181 191 1244; x_wconf 82' lang='lat' dir='ltr'><strong>tiis,</strong></span> <span class='ocrx_word' id='word_1_58' title='bbox 210 1179 318 1234; x_wconf 79' lang='lat' dir='ltr'><strong>scilicet</strong></span> <span class='ocrx_word' id='word_1_59' title='bbox 340 1181 445 1234; x_wconf 83' lang='lat' dir='ltr'><strong>onimoe</strong></span> <span class='ocrx_word' id='word_1_60' title='bbox 471 1183 497 1232; x_wconf 88' lang='lat' dir='ltr'><strong>et</strong></span> <span class='ocrx_word' id='word_1_61' title='bbox 519 1182 647 1244; x_wconf 77' lang='lat' dir='ltr'><strong>sommis.</strong></span> <span class='ocrx_word' id='word_1_62' title='bbox 681 1184 809 1238; x_wconf 81' lang='lat' dir='ltr'><strong>simiitter</strong></span> <span class='ocrx_word' id='word_1_63' title='bbox 827 1185 980 1239; x_wconf 78' lang='lat' dir='ltr'><strong>mouentur</strong></span> 
     </span>
     <span class='ocr_line' id='line_1_11' title="bbox 134 1265 977 1334; baseline 0.005 -14"><span class='ocrx_word' id='word_1_64' title='bbox 134 1269 208 1320; x_wconf 76' lang='lat' dir='ltr'><strong>rocta</strong></span> <span class='ocrx_word' id='word_1_65' title='bbox 227 1269 257 1320; x_wconf 87' lang='lat' dir='ltr'><strong>et</strong></span> <span class='ocrx_word' id='word_1_66' title='bbox 272 1278 368 1328; x_wconf 87' lang='lat' dir='ltr'><strong>mores,</strong></span> <span class='ocrx_word' id='word_1_67' title='bbox 388 1269 415 1318; x_wconf 89' lang='lat' dir='ltr'><strong>et</strong></span> <span class='ocrx_word' id='word_1_68' title='bbox 432 1269 532 1318; x_wconf 88' lang='lat' dir='ltr'><strong>motum</strong></span> <span class='ocrx_word' id='word_1_69' title='bbox 549 1265 666 1320; x_wconf 91' lang='lat' dir='ltr'><strong>omnium</strong></span> <span class='ocrx_word' id='word_1_70' title='bbox 683 1269 872 1334; x_wconf 83' lang='lat' dir='ltr'><strong>membrorum,</strong></span> <span class='ocrx_word' id='word_1_71' title='bbox 890 1274 921 1324; x_wconf 91' lang='lat' dir='ltr'><strong>ut</strong></span> <span class='ocrx_word' id='word_1_72' title='bbox 935 1283 977 1324; x_wconf 79' lang='lat' dir='ltr'><strong>se·</strong></span> 
     </span>
     <span class='ocr_line' id='line_1_12' title="bbox 135 1352 977 1417; baseline 0.004 -12"><span class='ocrx_word' id='word_1_73' title='bbox 135 1354 257 1406; x_wconf 82' lang='lat' dir='ltr'><strong>eundum</strong></span> <span class='ocrx_word' id='word_1_74' title='bbox 269 1353 420 1417; x_wconf 77' lang='lat' dir='ltr'><strong>Apostolum</strong></span> <span class='ocrx_word' id='word_1_75' title='bbox 433 1353 521 1404; x_wconf 81' lang='lat' dir='ltr'><strong>omniu</strong></span> <span class='ocrx_word' id='word_1_76' title='bbox 533 1352 643 1406; x_wconf 83' lang='lat' dir='ltr'><strong>honeste</strong></span> <span class='ocrx_word' id='word_1_77' title='bbox 655 1357 683 1406; x_wconf 85' lang='lat' dir='ltr'><strong>et</strong></span> <span class='ocrx_word' id='word_1_78' title='bbox 697 1355 841 1408; x_wconf 73' lang='lat' dir='ltr'><strong>mounnum</strong></span> <span class='ocrx_word' id='word_1_79' title='bbox 858 1355 977 1410; x_wconf 80' lang='lat' dir='ltr'><strong>ordinem</strong></span> 
     </span>
     <span class='ocr_line' id='line_1_13' title="bbox 134 1435 637 1502; baseline -0.01 -10"><span class='ocrx_word' id='word_1_80' title='bbox 134 1440 204 1492; x_wconf 78' lang='lat' dir='ltr'><strong>finnt</strong></span> <span class='ocrx_word' id='word_1_81' title='bbox 222 1438 252 1489; x_wconf 88' lang='lat' dir='ltr'><strong>in</strong></span> <span class='ocrx_word' id='word_1_82' title='bbox 270 1439 355 1492; x_wconf 84' lang='lat' dir='ltr'><strong>vobis.</strong></span> <span class='ocrx_word' id='word_1_83' title='bbox 376 1438 410 1499; x_wconf 89' lang='grc'><strong>(1.</strong></span> <span class='ocrx_word' id='word_1_84' title='bbox 432 1439 496 1493; x_wconf 76' lang='lat' dir='ltr'><strong>Cor.</strong></span> <span class='ocrx_word' id='word_1_85' title='bbox 518 1435 561 1502; x_wconf 80' lang='lat'><strong>14,</strong></span> <span class='ocrx_word' id='word_1_86' title='bbox 579 1435 637 1500; x_wconf 81' lang='lat'>40.)</span> 
     </span>
    </p>

    <p class='ocr_par' dir='ltr' id='par_1_4' title="bbox 133 1522 979 2102">
     <span class='ocr_line' id='line_1_14' title="bbox 207 1522 979 1586; baseline 0.005 -10"><span class='ocrx_word' id='word_1_87' title='bbox 207 1523 237 1576; x_wconf 83' lang='lat'><strong>3.</strong></span> <span class='ocrx_word' id='word_1_88' title='bbox 265 1523 305 1576; x_wconf 82' lang='lat' dir='ltr'><strong>Ao</strong></span> <span class='ocrx_word' id='word_1_89' title='bbox 332 1533 420 1576; x_wconf 84' lang='lat' dir='ltr'><strong>verum</strong></span> <span class='ocrx_word' id='word_1_90' title='bbox 447 1522 649 1586; x_wconf 74' lang='lat' dir='ltr'><strong>temperantiam</strong></span> <span class='ocrx_word' id='word_1_91' title='bbox 675 1535 724 1576; x_wconf 87' lang='lat' dir='ltr'><strong>nos</strong></span> <span class='ocrx_word' id='word_1_92' title='bbox 748 1526 873 1582; x_wconf 77' lang='lat' dir='ltr'><strong>inducere</strong></span> <span class='ocrx_word' id='word_1_93' title='bbox 899 1527 979 1580; x_wconf 80' lang='lat' dir='ltr'><strong>debet</strong></span> 
     </span>
     <span class='ocr_line' id='line_1_15' title="bbox 133 1609 978 1677; baseline 0.004 -13"><span class='ocrx_word' id='word_1_94' title='bbox 133 1609 335 1676; x_wconf 74' lang='lat' dir='ltr'><strong>sapientissimo</strong></span> <span class='ocrx_word' id='word_1_95' title='bbox 353 1609 596 1674; x_wconf 60' lang='lat' dir='ltr'><strong>ordinationum,</strong></span> <span class='ocrx_word' id='word_1_96' title='bbox 616 1623 683 1676; x_wconf 82' lang='lat' dir='ltr'><strong>quus</strong></span> <span class='ocrx_word' id='word_1_97' title='bbox 699 1611 788 1664; x_wconf 82' lang='lat' dir='ltr'><strong>omniu</strong></span> <span class='ocrx_word' id='word_1_98' title='bbox 805 1614 934 1677; x_wconf 75' lang='lat' dir='ltr'><strong>uuomnit</strong></span> <span class='ocrx_word' id='word_1_99' title='bbox 950 1615 978 1667; x_wconf 90' lang='lat' dir='ltr'><strong>in</strong></span> 
     </span>
     <span class='ocr_line' id='line_1_16' title="bbox 133 1695 979 1759; baseline 0 -9"><span class='ocrx_word' id='word_1_100' title='bbox 133 1707 276 1759; x_wconf 79' lang='lat' dir='ltr'><strong>mensuro,</strong></span> <span class='ocrx_word' id='word_1_101' title='bbox 295 1707 403 1748; x_wconf 85' lang='lat' dir='ltr'><strong>numero</strong></span> <span class='ocrx_word' id='word_1_102' title='bbox 421 1698 448 1748; x_wconf 85' lang='lat' dir='ltr'><strong>et</strong></span> <span class='ocrx_word' id='word_1_103' title='bbox 465 1695 591 1759; x_wconf 75' lang='lat' dir='ltr'><strong>pondere,</strong></span> <span class='ocrx_word' id='word_1_104' title='bbox 627 1697 776 1750; x_wconf 80' lang='lat' dir='ltr'><strong>seeundum</strong></span> <span class='ocrx_word' id='word_1_105' title='bbox 788 1700 857 1750; x_wconf 80' lang='lat' dir='ltr'><strong>nouo</strong></span> <span class='ocrx_word' id='word_1_106' title='bbox 873 1698 979 1751; x_wconf 79' lang='lat' dir='ltr'><strong>ordinu-</strong></span> 
     </span>
     <span class='ocr_line' id='line_1_17' title="bbox 134 1781 979 1845; baseline 0 -9"><span class='ocrx_word' id='word_1_107' title='bbox 134 1784 242 1836; x_wconf 87' lang='lat' dir='ltr'><strong>tionem</strong></span> <span class='ocrx_word' id='word_1_108' title='bbox 260 1781 345 1835; x_wconf 89' lang='lat' dir='ltr'><strong>omnis</strong></span> <span class='ocrx_word' id='word_1_109' title='bbox 358 1782 426 1834; x_wconf 77' lang='lat' dir='ltr'><strong>sotio</strong></span> <span class='ocrx_word' id='word_1_110' title='bbox 439 1783 537 1845; x_wconf 83' lang='lat' dir='ltr'><strong>nostru,</strong></span> <span class='ocrx_word' id='word_1_111' title='bbox 556 1792 652 1845; x_wconf 82' lang='lat' dir='ltr'><strong>mores,</strong></span> <span class='ocrx_word' id='word_1_112' title='bbox 671 1787 699 1835; x_wconf 87' lang='lat' dir='ltr'><strong>et</strong></span> <span class='ocrx_word' id='word_1_113' title='bbox 714 1783 770 1836; x_wconf 81' lang='lat' dir='ltr'><strong>vitu</strong></span> <span class='ocrx_word' id='word_1_114' title='bbox 781 1787 871 1836; x_wconf 79' lang='lat' dir='ltr'><strong>nostro</strong></span> <span class='ocrx_word' id='word_1_115' title='bbox 881 1784 979 1836; x_wconf 72' lang='lat' dir='ltr'><strong>ueneno</strong></span> 
     </span>
     <span class='ocr_line' id='line_1_18' title="bbox 134 1867 978 1932; baseline -0.002 -10"><span class='ocrx_word' id='word_1_116' title='bbox 134 1881 198 1922; x_wconf 76' lang='lat' dir='ltr'><strong>esse</strong></span> <span class='ocrx_word' id='word_1_117' title='bbox 217 1871 386 1932; x_wconf 78' lang='lat' dir='ltr'><strong>mensurato,</strong></span> <span class='ocrx_word' id='word_1_118' title='bbox 413 1871 552 1922; x_wconf 70' lang='lat' dir='ltr'><strong>numeratu</strong></span> <span class='ocrx_word' id='word_1_119' title='bbox 569 1870 596 1919; x_wconf 89' lang='lat' dir='ltr'><strong>et</strong></span> <span class='ocrx_word' id='word_1_120' title='bbox 613 1867 775 1931; x_wconf 70' lang='lat' dir='ltr'><strong>munerato,</strong></span> <span class='ocrx_word' id='word_1_121' title='bbox 804 1869 855 1921; x_wconf 84' lang='lat' dir='ltr'><strong>hoo</strong></span> <span class='ocrx_word' id='word_1_122' title='bbox 872 1870 927 1931; x_wconf 78' lang='lat' dir='ltr'><strong>ost,</strong></span> <span class='ocrx_word' id='word_1_123' title='bbox 950 1869 978 1920; x_wconf 90' lang='lat' dir='ltr'><strong>tn</strong></span> 
     </span>
     <span class='ocr_line' id='line_1_19' title="bbox 134 1951 979 2021; baseline -0.001 -15"><span class='ocrx_word' id='word_1_124' title='bbox 134 1956 239 2006; x_wconf 84' lang='lat' dir='ltr'><strong>virtute</strong></span> <span class='ocrx_word' id='word_1_125' title='bbox 255 1952 349 2014; x_wconf 77' lang='lat' dir='ltr'><strong>Putris,</strong></span> <span class='ocrx_word' id='word_1_126' title='bbox 369 1952 411 2006; x_wconf 87' lang='lat' dir='ltr'><strong>cui</strong></span> <span class='ocrx_word' id='word_1_127' title='bbox 429 1963 560 2017; x_wconf 79' lang='lat' dir='ltr'><strong>mensuro,</strong></span> <span class='ocrx_word' id='word_1_128' title='bbox 580 1953 610 2006; x_wconf 92' lang='lat' dir='ltr'><strong>in</strong></span> <span class='ocrx_word' id='word_1_129' title='bbox 626 1951 724 2006; x_wconf 81' lang='lat' dir='ltr'><strong>virtute</strong></span> <span class='ocrx_word' id='word_1_130' title='bbox 741 1951 808 2015; x_wconf 78' lang='lat' dir='ltr'><strong>Filii,</strong></span> <span class='ocrx_word' id='word_1_131' title='bbox 827 1953 871 2006; x_wconf 83' lang='lat' dir='ltr'><strong>eut</strong></span> <span class='ocrx_word' id='word_1_132' title='bbox 887 1963 979 2021; x_wconf 81' lang='lat' dir='ltr'><strong>nume·</strong></span> 
     </span>
     <span class='ocr_line' id='line_1_20' title="bbox 134 2033 978 2102; baseline -0.007 -8"><span class='ocrx_word' id='word_1_133' title='bbox 134 2051 199 2094; x_wconf 85' lang='lat' dir='ltr'><strong>rus:</strong></span> <span class='ocrx_word' id='word_1_134' title='bbox 219 2038 248 2091; x_wconf 83' lang='lat' dir='ltr'><strong>in</strong></span> <span class='ocrx_word' id='word_1_135' title='bbox 266 2039 364 2092; x_wconf 80' lang='lat' dir='ltr'><strong>virtute</strong></span> <span class='ocrx_word' id='word_1_136' title='bbox 381 2033 492 2102; x_wconf 78' lang='lat' dir='ltr'><strong>spiritus</strong></span> <span class='ocrx_word' id='word_1_137' title='bbox 509 2033 611 2102; x_wconf 80' lang='lat' dir='ltr'><strong>suncti,</strong></span> <span class='ocrx_word' id='word_1_138' title='bbox 634 2037 677 2091; x_wconf 85' lang='lat' dir='ltr'><strong>oui</strong></span> <span class='ocrx_word' id='word_1_139' title='bbox 694 2037 797 2101; x_wconf 80' lang='lat' dir='ltr'><strong>nonius</strong></span> <span class='ocrx_word' id='word_1_140' title='bbox 814 2037 978 2092; x_wconf 68' lang='lat' dir='ltr'><strong>insonitum.</strong></span> 
     </span>
    </p>

    <p class='ocr_par' dir='ltr' id='par_1_5' title="bbox 136 2111 979 2704">
     <span class='ocr_line' id='line_1_21' title="bbox 182 2111 979 2192; baseline 0 -15"><span class='ocrx_word' id='word_1_141' title='bbox 182 2111 186 2118; x_wconf 86' lang='grc'><strong>’</strong></span> <span class='ocrx_word' id='word_1_142' title='bbox 209 2125 250 2178; x_wconf 77' lang='lat' dir='ltr'><strong>An</strong></span> <span class='ocrx_word' id='word_1_143' title='bbox 268 2125 338 2176; x_wconf 83' lang='lat' dir='ltr'><strong>inem</strong></span> <span class='ocrx_word' id='word_1_144' title='bbox 356 2135 405 2192; x_wconf 85' lang='lat' dir='ltr'><strong>nos</strong></span> <span class='ocrx_word' id='word_1_145' title='bbox 422 2124 546 2177; x_wconf 82' lang='lat' dir='ltr'><strong>iniuoero</strong></span> <span class='ocrx_word' id='word_1_146' title='bbox 564 2123 644 2177; x_wconf 80' lang='lat' dir='ltr'><strong>debet</strong></span> <span class='ocrx_word' id='word_1_147' title='bbox 659 2124 810 2188; x_wconf 80' lang='lat' dir='ltr'><strong>exemptum</strong></span> <span class='ocrx_word' id='word_1_148' title='bbox 832 2128 979 2188; x_wconf 78' lang='lat' dir='ltr'><strong>temperun-</strong></span> 
     </span>
     <span class='ocr_line' id='line_1_22' title="bbox 137 2206 979 2275; baseline 0 -11"><span class='ocrx_word' id='word_1_149' title='bbox 137 2212 192 2264; x_wconf 81' lang='lat' dir='ltr'><strong>ttue</strong></span> <span class='ocrx_word' id='word_1_150' title='bbox 211 2211 332 2275; x_wconf 76' lang='lat' dir='ltr'><strong>Aoostoti</strong></span> <span class='ocrx_word' id='word_1_151' title='bbox 349 2211 473 2265; x_wconf 75' lang='lat' dir='ltr'><strong>dicentis:</strong></span> <span class='ocrx_word' id='word_1_152' title='bbox 501 2210 565 2264; x_wconf 85' lang='lat' dir='ltr'><strong>stne</strong></span> <span class='ocrx_word' id='word_1_153' title='bbox 591 2209 737 2263; x_wconf 70' lang='lat' dir='ltr'><strong>offensione</strong></span> <span class='ocrx_word' id='word_1_154' title='bbox 762 2213 848 2264; x_wconf 82' lang='lat' dir='ltr'><strong>estote</strong></span> <span class='ocrx_word' id='word_1_155' title='bbox 873 2206 979 2264; x_wconf 81' lang='lat' dir='ltr'><strong>tuioeis</strong></span> 
     </span>
     <span class='ocr_line' id='line_1_23' title="bbox 137 2295 979 2362; baseline -0.001 -12"><span class='ocrx_word' id='word_1_156' title='bbox 137 2301 167 2350; x_wconf 82' lang='lat' dir='ltr'><strong>et</strong></span> <span class='ocrx_word' id='word_1_157' title='bbox 183 2297 327 2362; x_wconf 71' lang='lat' dir='ltr'><strong>gentitus,</strong></span> <span class='ocrx_word' id='word_1_158' title='bbox 355 2296 566 2360; x_wconf 60' lang='lat' dir='ltr'><strong>coelestionem</strong></span> <span class='ocrx_word' id='word_1_159' title='bbox 594 2295 663 2348; x_wconf 80' lang='lat' dir='ltr'><strong>sioni</strong></span> <span class='ocrx_word' id='word_1_160' title='bbox 688 2299 717 2348; x_wconf 85' lang='lat' dir='ltr'><strong>et</strong></span> <span class='ocrx_word' id='word_1_161' title='bbox 741 2306 792 2360; x_wconf 66' lang='lat' dir='ltr'><strong>ego</strong></span> <span class='ocrx_word' id='word_1_162' title='bbox 817 2306 866 2358; x_wconf 79' lang='lat' dir='ltr'><strong>uer</strong></span> <span class='ocrx_word' id='word_1_163' title='bbox 890 2296 979 2350; x_wconf 79' lang='lat' dir='ltr'><strong>omnio</strong></span> 
     </span>
     <span class='ocr_line' id='line_1_24' title="bbox 136 2381 977 2448; baseline -0.001 -12"><span class='ocrx_word' id='word_1_164' title='bbox 136 2383 264 2436; x_wconf 78' lang='lat' dir='ltr'><strong>omnibus</strong></span> <span class='ocrx_word' id='word_1_165' title='bbox 280 2383 391 2447; x_wconf 80' lang='lat' dir='ltr'><strong>oiueeo,</strong></span> <span class='ocrx_word' id='word_1_166' title='bbox 419 2394 472 2436; x_wconf 91' lang='lat' dir='ltr'><strong>non</strong></span> <span class='ocrx_word' id='word_1_167' title='bbox 490 2393 638 2448; x_wconf 73' lang='lat' dir='ltr'><strong>quaerens,</strong></span> <span class='ocrx_word' id='word_1_168' title='bbox 664 2381 735 2447; x_wconf 78' lang='lat' dir='ltr'><strong>quoti</strong></span> <span class='ocrx_word' id='word_1_169' title='bbox 760 2381 827 2435; x_wconf 82' lang='lat' dir='ltr'><strong>mini</strong></span> <span class='ocrx_word' id='word_1_170' title='bbox 844 2383 910 2436; x_wconf 83' lang='lat' dir='ltr'><strong>utile</strong></span> <span class='ocrx_word' id='word_1_171' title='bbox 927 2386 977 2444; x_wconf 83' lang='lat' dir='ltr'><strong>est,</strong></span> 
     </span>
     <span class='ocr_line' id='line_1_25' title="bbox 137 2465 979 2533; baseline -0.002 -11"><span class='ocrx_word' id='word_1_172' title='bbox 137 2471 188 2522; x_wconf 79' lang='lat' dir='ltr'><strong>sen</strong></span> <span class='ocrx_word' id='word_1_173' title='bbox 206 2468 277 2533; x_wconf 78' lang='lat' dir='ltr'><strong>quod</strong></span> <span class='ocrx_word' id='word_1_174' title='bbox 295 2469 396 2532; x_wconf 86' lang='lat' dir='ltr'><strong>multis,</strong></span> <span class='ocrx_word' id='word_1_175' title='bbox 416 2471 447 2520; x_wconf 88' lang='lat' dir='ltr'><strong>ut</strong></span> <span class='ocrx_word' id='word_1_176' title='bbox 462 2467 530 2521; x_wconf 72' lang='lat' dir='ltr'><strong>salui</strong></span> <span class='ocrx_word' id='word_1_177' title='bbox 546 2468 620 2522; x_wconf 76' lang='lat' dir='ltr'><strong>fiunt</strong></span> <span class='ocrx_word' id='word_1_178' title='bbox 640 2468 677 2529; x_wconf 92' lang='lat'><strong>(1.</strong></span> <span class='ocrx_word' id='word_1_179' title='bbox 698 2469 760 2523; x_wconf 67' lang='lat' dir='ltr'><strong>cor.</strong></span> <span class='ocrx_word' id='word_1_180' title='bbox 781 2466 829 2531; x_wconf 89' lang='lat'><strong>10,</strong></span> <span class='ocrx_word' id='word_1_181' title='bbox 853 2465 897 2522; x_wconf 77' lang='lat'><strong>32.</strong></span> <span class='ocrx_word' id='word_1_182' title='bbox 919 2466 979 2532; x_wconf 79' lang='lat'><strong>83.)</strong></span> 
     </span>
     <span class='ocr_line' id='line_1_26' title="bbox 138 2553 978 2621; baseline 0.001 -14"><span class='ocrx_word' id='word_1_183' title='bbox 138 2555 189 2608; x_wconf 83' lang='lat' dir='ltr'><strong>itte</strong></span> <span class='ocrx_word' id='word_1_184' title='bbox 208 2565 273 2606; x_wconf 77' lang='lat' dir='ltr'><strong>uere</strong></span> <span class='ocrx_word' id='word_1_185' title='bbox 289 2553 529 2618; x_wconf 71' lang='lat' dir='ltr'><strong>omoeoeusion,</strong></span> <span class='ocrx_word' id='word_1_186' title='bbox 550 2554 594 2620; x_wconf 84' lang='lat' dir='ltr'><strong>qut</strong></span> <span class='ocrx_word' id='word_1_187' title='bbox 611 2554 715 2608; x_wconf 90' lang='lat' dir='ltr'><strong>nultum</strong></span> <span class='ocrx_word' id='word_1_188' title='bbox 733 2554 855 2621; x_wconf 73' lang='lat' dir='ltr'><strong>otendit,</strong></span> <span class='ocrx_word' id='word_1_189' title='bbox 880 2560 908 2608; x_wconf 88' lang='lat' dir='ltr'><strong>et</strong></span> <span class='ocrx_word' id='word_1_190' title='bbox 923 2568 978 2608; x_wconf 90' lang='lat' dir='ltr'><strong>om·</strong></span> 
     </span>
     <span class='ocr_line' id='line_1_27' title="bbox 139 2639 472 2704; baseline 0 -12"><span class='ocrx_word' id='word_1_191' title='bbox 139 2640 220 2693; x_wconf 78' lang='lat' dir='ltr'><strong>nibus</strong></span> <span class='ocrx_word' id='word_1_192' title='bbox 238 2641 345 2704; x_wconf 80' lang='lat' dir='ltr'><strong>otooere</strong></span> <span class='ocrx_word' id='word_1_193' title='bbox 362 2639 472 2692; x_wconf 78' lang='lat' dir='ltr'><strong>studuit.</strong></span> 
     </span>
    </p>

    <p class='ocr_par' dir='ltr' id='par_1_6' title="bbox 139 2723 980 3124">
     <span class='ocr_line' id='line_1_28' title="bbox 211 2723 979 2791; baseline 0.003 -14"><span class='ocrx_word' id='word_1_194' title='bbox 211 2723 238 2778; x_wconf 81' lang='lat'><strong>4.</strong></span> <span class='ocrx_word' id='word_1_195' title='bbox 258 2728 446 2789; x_wconf 74' lang='lat' dir='ltr'><strong>Argumentum</strong></span> <span class='ocrx_word' id='word_1_196' title='bbox 463 2736 543 2779; x_wconf 80' lang='lat' dir='ltr'><strong>verne</strong></span> <span class='ocrx_word' id='word_1_197' title='bbox 560 2725 751 2790; x_wconf 69' lang='lat' dir='ltr'><strong>temperantes</strong></span> <span class='ocrx_word' id='word_1_198' title='bbox 768 2725 860 2791; x_wconf 80' lang='lat' dir='ltr'><strong>nubet,</strong></span> <span class='ocrx_word' id='word_1_199' title='bbox 888 2726 933 2790; x_wconf 81' lang='lat' dir='ltr'><strong>qut</strong></span> <span class='ocrx_word' id='word_1_200' title='bbox 949 2739 979 2779; x_wconf 87' lang='lat' dir='ltr'><strong>se</strong></span> 
     </span>
     <span class='ocr_line' id='line_1_29' title="bbox 139 2811 980 2876; baseline -0.005 -10"><span class='ocrx_word' id='word_1_201' title='bbox 139 2813 296 2866; x_wconf 79' lang='lat' dir='ltr'><strong>monentur</strong></span> <span class='ocrx_word' id='word_1_202' title='bbox 312 2811 342 2866; x_wconf 91' lang='lat' dir='ltr'><strong>in</strong></span> <span class='ocrx_word' id='word_1_203' title='bbox 359 2812 441 2876; x_wconf 77' lang='lat' dir='ltr'><strong>victu,</strong></span> <span class='ocrx_word' id='word_1_204' title='bbox 460 2812 567 2876; x_wconf 83' lang='lat' dir='ltr'><strong>vestitu,</strong></span> <span class='ocrx_word' id='word_1_205' title='bbox 587 2823 689 2876; x_wconf 88' lang='lat' dir='ltr'><strong>somno,</strong></span> <span class='ocrx_word' id='word_1_206' title='bbox 708 2811 737 2864; x_wconf 90' lang='lat' dir='ltr'><strong>tn</strong></span> <span class='ocrx_word' id='word_1_207' title='bbox 754 2811 826 2864; x_wconf 89' lang='lat' dir='ltr'><strong>omni</strong></span> <span class='ocrx_word' id='word_1_208' title='bbox 842 2811 980 2864; x_wconf 75' lang='lat' dir='ltr'><strong>commotio</strong></span> 
     </span>
     <span class='ocr_line' id='line_1_30' title="bbox 140 2894 978 2963; baseline -0.007 -11"><span class='ocrx_word' id='word_1_209' title='bbox 140 2898 255 2962; x_wconf 71' lang='lat' dir='ltr'><strong>tumuli,</strong></span> <span class='ocrx_word' id='word_1_210' title='bbox 274 2902 302 2951; x_wconf 84' lang='lat' dir='ltr'><strong>et</strong></span> <span class='ocrx_word' id='word_1_211' title='bbox 319 2899 347 2950; x_wconf 90' lang='lat' dir='ltr'><strong>in</strong></span> <span class='ocrx_word' id='word_1_212' title='bbox 365 2897 468 2951; x_wconf 74' lang='lat' dir='ltr'><strong>laetitio</strong></span> <span class='ocrx_word' id='word_1_213' title='bbox 480 2899 629 2963; x_wconf 70' lang='lat' dir='ltr'><strong>temporali,</strong></span> <span class='ocrx_word' id='word_1_214' title='bbox 648 2898 752 2951; x_wconf 80' lang='lat' dir='ltr'><strong>nullom</strong></span> <span class='ocrx_word' id='word_1_215' title='bbox 762 2894 978 2962; x_wconf 64' lang='lat' dir='ltr'><strong>superfluitatem,</strong></span> 
     </span>
     <span class='ocr_line' id='line_1_31' title="bbox 139 2981 980 3052; baseline -0.005 -16"><span class='ocrx_word' id='word_1_216' title='bbox 139 2997 228 3052; x_wconf 79' lang='lat' dir='ltr'><strong>neone</strong></span> <span class='ocrx_word' id='word_1_217' title='bbox 246 2983 424 3038; x_wconf 77' lang='lat' dir='ltr'><strong>inordinatum</strong></span> <span class='ocrx_word' id='word_1_218' title='bbox 437 2984 616 3049; x_wconf 78' lang='lat' dir='ltr'><strong>dilectionem,</strong></span> <span class='ocrx_word' id='word_1_219' title='bbox 633 2984 681 3037; x_wconf 82' lang='lat' dir='ltr'><strong>sed</strong></span> <span class='ocrx_word' id='word_1_220' title='bbox 693 2992 786 3048; x_wconf 80' lang='lat' dir='ltr'><strong>ouium</strong></span> <span class='ocrx_word' id='word_1_221' title='bbox 797 2981 980 3036; x_wconf 81' lang='lat' dir='ltr'><strong>neoessitntem</strong></span> 
     </span>
     <span class='ocr_line' id='line_1_32' title="bbox 139 3070 539 3124; baseline 0 0"><span class='ocrx_word' id='word_1_222' title='bbox 139 3075 169 3124; x_wconf 84' lang='lat' dir='ltr'><strong>in</strong></span> <span class='ocrx_word' id='word_1_223' title='bbox 187 3070 313 3124; x_wconf 81' lang='lat' dir='ltr'><strong>omnium</strong></span> <span class='ocrx_word' id='word_1_224' title='bbox 330 3071 372 3124; x_wconf 82' lang='lat' dir='ltr'><strong>his</strong></span> <span class='ocrx_word' id='word_1_225' title='bbox 389 3070 539 3124; x_wconf 69' lang='lat' dir='ltr'><strong>admittens.</strong></span> 
     </span>
    </p>
   </div>
   <div class='ocr_carea' id='block_1_4' title="bbox 196 3143 980 3289">
    <p class='ocr_par' dir='ltr' id='par_1_7' title="bbox 196 3143 980 3289">
     <span class='ocr_line' id='line_1_33' title="bbox 211 3143 980 3220; baseline -0.016 -12"><span class='ocrx_word' id='word_1_226' title='bbox 211 3156 281 3208; x_wconf 74' lang='lat' dir='ltr'><strong>Vere</strong></span> <span class='ocrx_word' id='word_1_227' title='bbox 298 3159 460 3220; x_wconf 72' lang='lat' dir='ltr'><strong>temperatus</strong></span> <span class='ocrx_word' id='word_1_228' title='bbox 478 3157 506 3210; x_wconf 92' lang='lat' dir='ltr'><strong>in</strong></span> <span class='ocrx_word' id='word_1_229' title='bbox 524 3154 645 3210; x_wconf 79' lang='lat' dir='ltr'><strong>omnibus</strong></span> <span class='ocrx_word' id='word_1_230' title='bbox 667 3151 775 3205; x_wconf 78' lang='lat' dir='ltr'><strong>monum</strong></span> <span class='ocrx_word' id='word_1_231' title='bbox 795 3155 902 3200; x_wconf 71' lang='lat' dir='ltr'><strong>mouere</strong></span> <span class='ocrx_word' id='word_1_232' title='bbox 920 3143 980 3196; x_wconf 88' lang='lat' dir='ltr'><strong>niti·</strong></span> 
     </span>
     <span class='ocr_line' id='line_1_34' title="bbox 196 3229 825 3289; baseline 0 -1"><span class='ocrx_word' id='word_1_233' title='bbox 196 3247 289 3288; x_wconf 73' lang='lat' dir='ltr'><strong>nmeru</strong></span> <span class='ocrx_word' id='word_1_234' title='bbox 302 3249 332 3288; x_wconf 81' lang='lat' dir='ltr'><strong>to.</strong></span> <span class='ocrx_word' id='word_1_235' title='bbox 346 3247 498 3289; x_wconf 68' lang='lat' dir='ltr'><strong>summotos.</strong></span> <span class='ocrx_word' id='word_1_236' title='bbox 807 3229 825 3281; x_wconf 86' lang='lat'><strong>3</strong></span> 
     </span>
    </p>
   </div>
   <div class='ocr_carea' id='block_1_5' title="bbox 0 0 1203 3759">
    <p class='ocr_par' dir='ltr' id='par_1_8' title="bbox 0 0 1203 3759">
     <span class='ocr_line' id='line_1_35' title="bbox 0 0 1203 3759; baseline 0 0"><span class='ocrx_word' id='word_1_237' title='bbox 0 0 1203 3759; x_wconf 95' lang='lat' dir='ltr'><strong> </strong></span> 
     </span>
    </p>
   </div>
  </div>
 </body>
</html>
