2384 3759
635 395 686 456 140

535 634 693 707 CAPUT
720 637 786 706 IX.
822 661 829 674 ·

243 779 294 838 ita
319 777 427 837 roma
449 776 645 842 donationis,
671 789 755 844 quac
776 773 873 830 daiur
890 773 952 830 suit
971 775 1086 847 specie

490 879 585 951 panis
603 878 737 950 propior
753 877 826 934 iria.

314 1048 441 1104 Dominus
465 1047 511 1099 dat
527 1057 622 1108 corpus
639 1054 716 1097 suum
733 1043 782 1096 suit
799 1045 888 1107 specie
910 1045 990 1108 panis
1008 1057 1085 1108 prop-

246 1141 288 1190 ter
305 1137 374 1188 tria:
393 1134 502 1196 Propter
517 1131 643 1183 collatam
661 1129 687 1181 ei
711 1141 774 1193 prce
792 1129 886 1182 ceteris
903 1129 970 1182 cibis
989 1131 1085 1184 habiti-

246 1225 341 1283 tatem,
361 1218 411 1270 suit
428 1229 482 1270 una
499 1215 569 1268 euim
586 1215 640 1268 alia
651 1215 740 1278 specie
759 1215 812 1268 cibi
828 1220 883 1268 tam
893 1221 1020 1280 respectu
1037 1217 1084 1270 mi·

246 1304 424 1367 adorantium,
443 1313 520 1367 quam
550 1301 734 1366 accipientium
753 1305 843 1364 posset
859 1308 933 1354 actus
951 1303 1083 1356 exhiberi

247 1396 279 1448 Et
304 1394 354 1444 troc
371 1389 470 1453 tripiici
488 1387 706 1440 consideratione.
744 1387 829 1440 Primo
846 1401 882 1442 sc.
903 1392 1035 1454 quantum
1053 1391 1086 1442 ad

247 1477 426 1533 inventionem
440 1474 553 1527 uatiitor
568 1478 610 1526 est
625 1473 728 1538 species
745 1476 820 1538 panis
843 1487 922 1539 quam
946 1475 1001 1530 cibi
1020 1477 1084 1528 alte·

246 1567 309 1628 rius,
328 1563 391 1628 qaia
409 1562 482 1614 omni
500 1561 568 1624 loco,
595 1560 667 1612 omni
690 1569 806 1624 tempore
826 1560 930 1613 facilius
949 1562 1085 1614 invenitur

246 1662 325 1717 uuam
355 1651 424 1702 alius
441 1647 524 1700 cinus.
562 1648 628 1700 item
655 1653 781 1711 quantum
807 1646 839 1698 ad
857 1649 1085 1702 conseruationem

247 1737 427 1799 habiliorem,
455 1734 517 1799 onia
534 1734 557 1787 sl
575 1733 764 1796 decetionem,
792 1735 902 1797 portari,
922 1737 981 1788 siue
999 1743 1085 1790 custo·

247 1823 306 1887 diri,
327 1821 488 1874 commodius
504 1820 534 1872 di
545 1821 594 1874 suit
606 1821 695 1885 specle
709 1822 784 1885 panis
796 1833 873 1886 uuam
892 1821 944 1874 cibi
962 1823 1081 1877 alterius.

247 1913 312 1964 item
330 1913 456 1976 quantum
484 1908 516 1960 ad
536 1907 791 1962 administrationem
818 1908 932 1962 nobilior
948 1913 1005 1972 est,
1025 1909 1083 1974 outa

247 1997 371 2052 mundius
398 2001 426 2048 et
452 1995 587 2048 honestius
606 1995 711 2048 tractari
730 1999 828 2060 potest,
845 1995 873 2048 in
892 1995 971 2048 attari
989 1997 1083 2048 meiius

247 2082 341 2145 diuidi,
367 2079 565 2135 conuenientius
591 2093 607 2134 a
633 2079 704 2134 sanis
729 2083 757 2134 et
774 2081 884 2134 iuiirmis
900 2082 970 2134 sumi
988 2085 1083 2147 potest,

247 2181 324 2234 quam
343 2170 412 2222 alius
429 2168 512 2220 cinus.

318 2255 440 2307 secundo
469 2254 515 2306 dat
540 2255 590 2306 anit
608 2253 695 2317 specie
713 2255 789 2316 panis
811 2255 919 2318 propter
935 2255 1082 2308 iaciendum

246 2342 404 2405 signationis
420 2352 485 2394 suae
502 2339 679 2404 cognitionem
698 2343 725 2392 et
742 2337 829 2392 ddcm.
864 2343 945 2405 tusc
975 2342 1082 2406 Signum

247 2430 291 2480 esi
306 2437 349 2480 aes
366 2429 471 2489 praeter
487 2425 612 2489 speciem,
632 2437 709 2490 quam
728 2425 825 2489 ingerit
839 2426 960 2480 sensibus
979 2429 1083 2494 aliquod

249 2511 322 2564 aiiud
348 2524 383 2565 ex
409 2523 439 2564 sc
457 2512 555 2564 taciens
582 2512 610 2563 in
629 2511 791 2575 agnitionem
809 2512 909 2566 venire.
944 2513 1083 2578 struprum

248 2599 338 2650 autem
351 2598 476 2650 triacum
488 2607 600 2661 genera:
620 2600 749 2660 naturate,
769 2598 914 2663 artificiale,
935 2613 1083 2654 sacramen·

248 2685 312 2736 taie.
347 2683 458 2748 siguum
474 2686 595 2738 naturaie
623 2685 767 2738 secundum
796 2690 919 2739 naturam
939 2687 1082 2751 signidem,

248 2770 319 2824 sicui
334 2771 422 2823 tumus
439 2769 571 2834 signidem
587 2772 689 2836 igncm3
710 2771 816 2834 signum
835 2771 973 2826 artificiale
991 2786 1083 2828 secuu-

249 2858 312 2909 dum
329 2858 520 2921 impositionem
533 2855 647 2908 hominis
660 2857 790 2921 significat
808 2863 835 2910 et
852 2861 902 2913 hoc
918 2863 961 2914 cst
973 2859 1082 2923 duplex:

249 2943 328 2997 tiiod
354 2943 425 2994 eninr
451 2952 505 2993 non
523 2943 648 3006 continet,
676 2943 744 3008 quod
762 2943 906 3008 significat,
925 2949 956 2998 ui
974 2946 1082 3000 ctrcutm

249 3029 314 3081 vini.
351 3025 428 3078 Aliud
455 3025 580 3088 continet,
609 3028 678 3091 quod
700 3029 842 3093 significat,
869 3033 900 3083 ui
927 3031 1082 3094 piuviarium

250 3113 370 3166 continet
394 3108 498 3173 pinum
515 3113 543 3161 et
559 3109 691 3173 significat
708 3127 764 3179 eas,
792 3115 927 3180 postitium
954 3117 1083 3182 siguificat

251 3209 344 3249 carnea
362 3199 389 3248 et
406 3194 530 3248 mnunct.
562 3197 643 3260 Signa
661 3203 864 3256 sacramentalia
876 3204 1022 3256 secundum
1040 3205 1082 3256 tm·
