2384 3759
651 397 702 452 148

259 541 353 596 tabuit
370 546 431 595 ante
449 540 682 602 consecrationem,
701 539 718 592 i.
739 550 762 593 e.
782 539 869 605 panis,
888 539 933 604 qni
950 540 1025 604 prins
1038 541 1091 596 init

259 629 335 682 stent
359 628 430 681 enim
448 639 482 680 ex
500 626 622 690 nlnriins
647 629 674 678 et
696 625 768 689 puris
786 626 875 688 granis
892 624 1041 690 coniicitur,
1060 627 1093 677 sic

264 725 358 778 eamus
375 715 472 767 christi
499 725 532 764 ex
558 711 677 775 pinnitus
695 711 818 764 membris
835 712 907 774 nnsis
926 715 955 764 et
972 712 1092 764 immaca-

260 799 321 852 iacis
340 799 472 852 consistit:
500 799 596 850 venter
622 801 684 850 tnns
710 798 778 850 sient
795 809 905 850 acerras
922 797 1021 861 tritici,
1041 799 1092 851 vai·

260 887 330 940 tates
351 887 422 939 liliis.
438 885 537 949 (eant.
552 881 578 951 i,
593 880 636 943 2.)

328 973 457 1036 Secunde,
477 971 580 1035 speeies
597 969 674 1034 panis
686 969 815 1022 secuntiae
828 970 867 1022 rei
880 969 918 1023 ibi
931 969 1091 1034 significatae

262 1061 336 1112 tenet
344 1059 544 1111 similitudinem
563 1058 580 1110 i.
602 1069 626 1110 e.
646 1055 747 1119 mystici
765 1057 880 1118 corporis
900 1056 998 1108 christi
1016 1056 1090 1119 signi·

259 1145 330 1198 ficati
357 1157 393 1196 sc.
411 1144 558 1206 eeclesiae,
586 1154 654 1208 qnae
682 1145 728 1197 est.
748 1141 836 1193 unitas
859 1141 986 1194 fidelium.
1024 1141 1090 1193 Sient

260 1230 331 1281 enim
359 1241 392 1280 en
409 1228 500 1280 multis
519 1228 608 1292 granis
626 1227 697 1292 puris
714 1225 850 1278 coniicitur
867 1239 935 1278 unns
952 1228 1038 1290 panis,
1056 1228 1090 1278 sie

260 1326 293 1366 ex
319 1314 410 1366 mnitis
426 1313 549 1367 fidelibus
566 1313 653 1378 nnris,
683 1325 698 1364 a
724 1313 802 1376 culpa
824 1313 928 1365 mortali
946 1313 1050 1366 mundis
1067 1317 1091 1364 et

259 1401 364 1454 tinente
390 1401 507 1454 cantatis
532 1398 614 1453 unitis
641 1398 821 1451 ecclesiastiea
849 1399 937 1452 unitas
966 1399 1090 1452 consistit.

259 1511 293 1522 -·
310 1485 358 1537 iiie
376 1484 580 1547 esineiandnm,
600 1484 669 1550 qnod
689 1485 716 1536 in
734 1495 801 1549 pane
819 1484 916 1547 triplex
930 1484 994 1536 unio
1009 1488 1090 1536 atten·

259 1571 337 1634 ditur,
366 1583 415 1636 ner
431 1583 508 1637 qnam
526 1572 626 1636 triplex
644 1569 793 1624 fraternitas
816 1570 873 1622 sive
891 1581 972 1623 causa
991 1575 1019 1623 et
1038 1571 1090 1622 rin-

257 1659 469 1721 salamantinis,
500 1659 570 1723 qued
597 1657 669 1710 inter
693 1655 785 1709 fideles
803 1669 861 1708 esse
879 1657 974 1720 debet,
995 1654 1090 1720 signin·

258 1747 341 1798 satur.
373 1744 459 1797 Primo
470 1755 552 1807 grana
570 1743 669 1796 nnbiiia
687 1746 714 1796 et
726 1744 823 1796 similia
835 1743 1010 1806 colliguntur:
1030 1745 1089 1794 naec

258 1829 407 1894 significant
431 1829 623 1882 fraternitatem
650 1831 677 1881 et
707 1841 822 1882 emerem
848 1829 1005 1892 naturalem,
1035 1827 1089 1892 qnia

258 1927 349 1968 amnes
378 1915 411 1967 rte
437 1927 489 1968 nnn
516 1920 542 1967 ei
560 1917 643 1980 primo
674 1921 782 1980 parente
799 1927 888 1969 snmus
907 1917 978 1969 nati:
1006 1915 1088 1968 (imnis

257 2004 339 2056 name
357 2001 445 2065 diligit
461 2000 609 2065 proximam
628 2013 713 2055 sunm.
729 2002 818 2067 (iicet
831 1999 941 2067 13,19.)
972 2003 1087 2056 secunda

258 2090 344 2142 terina
361 2087 544 2152 conspergitur
560 2099 609 2150 ner
621 2099 715 2152 aqrram
734 2094 760 2142 et
772 2093 846 2154 nasta
858 2089 1004 2152 eennsitnr,
1025 2089 1087 2154 quot

257 2173 389 2238 signifieat
401 2181 515 2226 amorem
533 2177 760 2240 sacramentalem,
780 2175 841 2240 qnia
858 2187 910 2228 une
927 2179 1087 2228 sacramente

255 2259 409 2323 baptismati
427 2271 518 2312 snmus
535 2263 692 2324 regenerati.
729 2263 823 2325 Tertio,
849 2266 878 2314 nt
895 2263 975 2327 panis
993 2261 1086 2314 solitus

256 2345 311 2407 iiat,
331 2344 394 2408 igne
412 2345 585 2411 decorantium
605 2347 673 2412 qnod
691 2348 822 2412 signifieat
840 2357 955 2400 amarem
968 2349 1086 2412 spiritua·

256 2433 318 2493 iem,
351 2431 412 2494 qaia
429 2444 482 2484 nne
499 2432 602 2496 spiritu,
633 2445 670 2487 sc.
692 2434 725 2486 ad
744 2445 823 2486 anam
842 2433 1014 2486 christianam
1032 2435 1085 2487 reli·

256 2515 361 2578 monem
377 2519 647 2584 snmnsnonrmgati.
757 2493 762 2517 ⁸

326 2601 422 2664 Tertio,
449 2604 551 2664 spectes
580 2607 657 2669 panis
683 2606 827 2660 secundnm
854 2605 922 2669 quod
940 2609 1000 2658 erat
1018 2605 1086 2670 panis

256 2685 339 2738 nabet
356 2685 425 2737 inse
445 2685 644 2743 similitudinem
663 2691 755 2744 tertiae
773 2691 811 2744 rei
829 2693 866 2744 ibi
883 2693 1015 2756 signatae,
1034 2693 1051 2744 i.
1066 2703 1085 2742 e.

259 2769 540 2826 emcmssacranentt
560 2776 587 2827 tn
606 2776 693 2829 anime
710 2775 792 2829 tideli.
830 2777 902 2829 Sicut
920 2779 992 2830 enim
1015 2777 1085 2842 panis

256 2857 397 2915 conserui,
425 2857 505 2908 satiet
531 2864 558 2911 et
574 2863 657 2915 eitam
675 2868 825 2916 conservat:
853 2865 892 2915 sic
910 2863 986 2926 nanis
1004 2875 1085 2916 sacra·

257 2941 339 2993 menti
365 2940 481 2991 animam
507 2942 612 2997 fidelem
630 2943 761 3001 confortat
787 2949 820 3001 ad
846 2953 982 3012 peceatum
1002 2950 1083 3002 dimit

257 3025 374 3084 eninm,
395 3023 474 3076 satiat
496 3027 529 3078 ati
547 3029 682 3084 rastitium
700 3033 791 3086 muntii
810 3035 968 3098 iacientium,
988 3035 1017 3088 in
1035 3038 1084 3089 vita

253 3113 395 3162 conservat
423 3108 456 3160 ad
483 3111 563 3163 tienm
592 3125 697 3180 semper
723 3119 891 3172 laudandum.
939 3121 1017 3174 Panis
1043 3131 1084 3173 ear

258 3193 372 3246 neminis
389 3193 591 3261 saniirmtttl’s.
607 3197 751 3264 103‚1i.):
783 3217 850 3269 pane
877 3207 944 3259 eseli
962 3208 1085 3261 saturavit
