2384 3759
649 351 686 406 tt

252 495 362 557 propter
377 491 492 545 taronem
510 492 655 554 bominum,
673 492 718 543 rel
734 492 834 542 laeuum
845 489 1082 557 abqoodobtinen
1106 498 1107 501 ’

250 579 315 630 dnm
333 578 434 631 recedit
450 591 466 630 a
484 578 528 630 ria
543 577 679 641 institae:
695 578 764 629 sient
779 576 897 637 balaam
913 576 958 640 qni
976 578 1081 638 propter

252 673 362 718 annnam
378 668 407 716 et
423 665 565 717 amieidam
581 665 661 716 italae
681 667 772 715 matra
795 666 963 726 praereptum
980 663 1082 715 bomini

251 751 337 803 volnll
353 751 512 803 maledioere
537 751 636 814 popolo
652 749 752 802 lsrael:
778 749 824 801 rel
840 751 945 812 propter
961 749 1081 800 timoren

250 845 339 888 rernm
355 837 556 900 temporalium,
584 836 654 887 sient
678 835 726 886 ille
742 833 817 888 diras
842 836 950 886 recessit
966 833 1080 886 tussis·
1106 886 1107 889 ,

251 923 361 975 bomino
389 923 471 984 iesu,
501 931 560 973 enm
589 920 714 972 suaderet
742 919 767 970 ei
794 920 994 982 perlectionem.
1023 922 1081 972 lirat
1106 958 1107 961 η

249 1007 321 1060 enim
340 1008 436 1060 multas
455 1007 554 1058 liabens
571 1008 749 1069 possessionen
766 1011 794 1058 et
811 1007 934 1068 divilias,
958 1019 1028 1070 quas
1045 1008 1080 1058 di·

252 1094 331 1145 lenit:
351 1093 395 1145 vel
412 1097 519 1156 propter
536 1093 656 1144 timorem
682 1092 815 1154 eorporis,
845 1093 913 1144 sient
930 1094 1081 1155 apostolia
1106 1124 1107 1157 ,

250 1178 360 1231 bomino
393 1188 441 1228 suo
479 1177 575 1228 dilecto
604 1178 665 1230 lesu
695 1178 796 1231 cbristo
828 1191 919 1231 omnes
946 1178 1079 1243 ingerunt
1106 1212 1107 1233 1

250 1262 410 1316 iintbatblas
437 1273 512 1327 vero,
530 1267 701 1316 contemnens
735 1265 862 1317 honorem
890 1265 1039 1318 exhibitum
1067 1278 1080 1315 a
1106 1246 1107 1291 Ὗ

250 1349 351 1400 nontin
377 1347 604 1412 nonsummum,
634 1352 662 1402 et
678 1361 788 1402 nmero
805 1351 949 1414 promissa,
981 1351 1079 1402 niueos
1106 1336 1107 1353 ³

249 1433 371 1485 omnibus
389 1433 457 1497 rugit
472 1434 501 1485 in
519 1438 631 1496 montes,
649 1441 679 1487 ut
695 1436 780 1498 legem
790 1435 890 1488 bomini
902 1441 1078 1488 eonsersaret.
1106 1438 1107 1497 i

250 1517 316 1571 item
334 1529 383 1572 neo
399 1520 532 1583 appetitus
550 1521 693 1582 amicitiae,
711 1533 760 1572 neo
777 1521 855 1573 timor
871 1531 958 1572 rernm
976 1525 1079 1584 tempo
1106 1552 1107 1555 =

248 1603 345 1656 ralinm
375 1607 486 1658 retranit
515 1619 575 1660 eum
605 1620 622 1658 a
650 1608 694 1659 nia
720 1606 845 1668 justitiae.
875 1606 1005 1659 similiter
1033 1618 1080 1658 nee
1106 1604 1107 1673 j

248 1687 328 1740 timor
343 1688 459 1752 eorporis
475 1690 587 1743 retranit
603 1691 633 1762 B.-
652 1693 814 1755 stepbanum
833 1705 848 1744 a
865 1692 908 1743 via
923 1691 1017 1754 iusta,
1036 1693 1080 1743 sed

249 1775 389 1828 intendens
418 1775 446 1827 in
475 1777 577 1829 eoelum
608 1778 677 1829 inter
704 1789 840 1842 pressuras
868 1776 986 1841 lapidum
1015 1776 1080 1829 llxns

247 1861 394 1923 permansit
410 1861 437 1913 in
456 1862 567 1914 cbristo.
599 1862 727 1915 Similiter
743 1868 771 1915 et
787 1864 901 1924 Paulus,
931 1861 977 1925 oui
994 1862 1077 1914 dixit:

248 1945 302 2009 ugo
320 1951 479 1999 autemnon
497 1948 581 2003 solnm
600 1948 719 2011 alligari,
738 1948 785 1999 sed
803 1952 832 2000 et
848 1948 913 2000 mori
931 1947 960 1998 in
977 1948 1079 2000 derosa·
1106 1934 1107 2011 ᾗ

245 2031 330 2083 salem
364 2035 471 2095 paratus
509 2043 566 2085 sum
600 2038 707 2096 propter
740 2045 836 2086 nomen
868 2033 971 2086 bomini
1006 2035 1076 2088 lesu.
1106 2030 1107 2093 ξ

246 2111 323 2177 [Act.
344 2112 387 2179 21,
408 2113 465 2179 13.)

519 2433 812 2506 CAPUTXVH.

474 2569 539 2626 De
575 2571 858 2644 largitate.

318 2702 343 2756 1.
360 2706 477 2770 largitus
489 2719 552 2762 vera
564 2713 591 2762 et
601 2713 719 2774 perlecta
736 2718 785 2776 est,
804 2726 864 2766 eum
880 2714 979 2778 allonis
997 2718 1080 2769 omni·

246 2791 297 2844 bus
316 2791 493 2854 indigentibus
511 2805 553 2846 res
570 2799 729 2859 temporales
746 2810 883 2862 proposse
899 2812 948 2851 suo
961 2801 1081 2854 hilariter

246 2874 425 2938 administrnt;
462 2878 514 2930 imo
544 2880 624 2933 etlam
652 2882 771 2934 omnibus
801 2883 982 2947 indigentiam
1013 2888 1080 2939 bona

245 2959 395 3024 spiritualia
413 2962 552 3026 requisitus
571 2963 686 3019 libenter
702 2970 886 3032 communicat,
905 2971 1038 3025 videlieet
1054 2975 1079 3025 in

245 3045 463 3109 confessionibus,
482 3047 733 3114 praedicationibus,
753 3055 869 3106 consiliis
887 3059 915 3108 et
931 3057 1078 3112 doctrinis:

246 3141 295 3184 nee
311 3131 396 3185 solum
415 3131 624 3187 desiderantibus
642 3137 790 3201 huiusmodi
806 3144 914 3202 paratus
937 3147 994 3208 est;
1028 3146 1080 3196 imo
