2384 3759
613 332 664 387 128

224 475 350 538 cerutus,
370 474 398 527 in
415 486 495 538 moro
512 474 683 538 poenitentia,
703 473 731 526 ir
747 473 814 527 dove
832 474 888 527 vito
905 475 1014 527 rodostu
1031 476 1056 525 et

225 563 319 625 retine,
348 562 376 612 in
404 561 461 614 eris
487 560 607 613 suniirnis
633 563 661 612 et
687 560 893 624 mntempiotivn
920 564 948 613 et
968 560 1009 613 sie
1026 560 1056 611 de

224 648 343 701 coeteris.
381 648 445 699 iiern
463 657 592 710 personae
607 646 772 699 oderentium
791 647 859 699 duee
870 647 1055 711 sumsimus,

224 734 292 787 uiiue
310 732 419 797 dignae,
449 733 519 786 uiioe
538 732 670 796 indignae.
709 732 813 798 indigni
832 736 921 793 eruut,
948 734 993 797 oui
1011 734 1056 784 iiiu

224 816 352 870 sueriiieie
370 814 633 883 tantumteuruuiiter
650 818 835 871 attendebant:
867 818 941 882 digni
959 822 1054 881 eutem,

225 905 270 969 qui
288 916 320 956 eo
349 902 523 966 spiritualiter
550 902 725 955 attendebant
757 909 784 957 et
808 905 835 956 in
862 906 902 957 eis
927 906 1056 957 Christum

224 990 364 1055 dgurutum
383 989 426 1042 vei
444 987 568 1051 explicite
599 990 640 1041 vei
659 990 787 1053 implicite
810 990 955 1043 eredebant
974 992 1002 1043 ei
1018 1002 1056 1041 se

225 1077 338 1130 eundum
356 1076 518 1127 inteiieetom
534 1073 698 1138 spiritualem
724 1076 805 1129 vitum
828 1086 903 1129 suom
920 1078 1053 1139 regebant.

225 1164 290 1214 Item
309 1160 344 1212 iiii
364 1162 419 1210 eret
435 1159 554 1213 remissio
571 1162 740 1225 peecatorum
766 1164 793 1215 et
811 1165 860 1215 iiou
878 1168 1006 1227 quonium
1022 1160 1053 1214 ud

226 1247 288 1309 duo,
314 1258 350 1297 se.
370 1248 496 1307 quonium
514 1246 547 1298 ud
565 1259 678 1311 poenum
706 1249 723 1300 i.
750 1262 773 1301 e.
793 1252 920 1313 quantum
939 1250 973 1301 ud
993 1248 1053 1312 regis

225 1329 459 1393 irreguiuritetem3
479 1332 522 1384 vei
535 1336 661 1397 quantum
679 1331 712 1385 od
724 1335 828 1397 enipeus
848 1336 865 1387 i.
886 1348 909 1389 e.
930 1341 1051 1401 quonium
1107 1388 1108 1399 ἶ

225 1416 259 1469 ud
277 1418 454 1471 eonscientiae
471 1420 609 1472 rnueuium.
1107 1456 1108 1481 t

296 1504 341 1555 iiis
368 1504 431 1556 visis
458 1505 537 1557 iueiie
555 1507 701 1569 solvuntur,
731 1518 798 1571 quse
825 1508 858 1559 de
876 1509 1011 1563 semideiis
1027 1509 1050 1560 in

226 1590 361 1653 seripturis
378 1591 458 1643 saeris
476 1591 607 1643 contrario
633 1591 685 1645 diei
703 1592 832 1645 videniur.
869 1596 970 1647 Revera
988 1594 1050 1647 enim
1107 1598 1108 1627 ³

226 1677 275 1729 iiie
292 1675 420 1729 seerideie
436 1676 579 1729 seeundum
595 1688 626 1729 se
645 1690 680 1729 se.
701 1689 781 1741 opere
799 1681 944 1742 oneremi.
960 1692 983 1733 e.
1003 1691 1050 1732 eur·
1107 1682 1108 1687 ’

226 1775 274 1815 nes
291 1766 319 1815 ei
336 1762 443 1827 sanguis
461 1762 591 1813 hircorum
610 1773 659 1815 nee
671 1766 827 1827 oieuueruut
843 1767 896 1819 lieo
914 1776 964 1819 nee
981 1778 1051 1831 pron·

226 1855 267 1901 ter
292 1861 324 1900 eu
342 1848 444 1901 remisit
461 1848 565 1911 euinum
592 1844 718 1913 euentum
742 1852 775 1903 ud
793 1853 895 1916 euinum
913 1853 932 1905 i.
953 1864 975 1905 e.
996 1864 1050 1904 cou-

226 1936 354 1991 suieutiue
373 1936 512 1998 neoniam,
543 1934 590 1986 sed
617 1941 705 1989 tumen
723 1936 790 2001 epod
810 1938 930 1991 nomines
948 1938 1050 1991 remisso

225 2023 415 2085 reputabuntur
425 2027 551 2086 quantum
563 2022 597 2073 ed
610 2022 738 2085 quondum
756 2023 822 2087 legis
834 2034 955 2087 poenum.
984 2024 1050 2075 iinde

227 2120 285 2160 euni
298 2109 435 2173 Apostolus
453 2119 504 2159 uno
523 2108 580 2159 loeo
595 2106 678 2159 diuet:
698 2108 859 2171 impossibiie
877 2112 918 2163 est
930 2111 1050 2175 sunguine

226 2194 357 2247 uireomm
384 2194 481 2246 euierri
508 2196 616 2255 neemia
634 2192 727 2253 (Hedr.
749 2190 792 2257 10,
812 2194 869 2258 4,);
896 2198 924 2247 et
942 2196 971 2247 in
989 2194 1049 2249 uiio:

227 2280 320 2333 omnin
338 2292 405 2345 pene
432 2280 459 2330 in
476 2278 606 2342 sunguine
623 2278 785 2331 mundentur
801 2280 945 2333 seeundum
973 2283 1050 2345 legen

228 2365 321 2425 (iiedr.
339 2361 364 2415 9.
384 2360 453 2426 22),
472 2364 584 2427 primum
602 2363 802 2427 inteiligendum
825 2370 865 2417 est
881 2372 1005 2431 quantum
1022 2366 1050 2419 ud

228 2452 469 2515 unimue'eoioum3
487 2450 632 2503 seeundum
650 2453 776 2514 quonium
794 2450 827 2502 ud
838 2453 924 2505 earnis
937 2466 1048 2516 noenum.

227 2539 299 2589 Unde
317 2540 350 2590 ud
368 2537 444 2591 iieiu.
465 2534 490 2600 9,
511 2535 562 2590 13:
593 2535 701 2601 sanguis
718 2536 850 2589 hircorum
872 2541 900 2590 et
915 2540 1049 2594 vituiomn

228 2629 255 2677 et
271 2624 338 2676 einis
356 2625 456 2677 vituiue
468 2637 590 2687 uspersus
602 2623 751 2689 inquinatos
764 2624 910 2677 sunetideut
922 2625 957 2677 ud
969 2636 1049 2679 emun-

227 2709 359 2764 dationem
387 2710 482 2762 comis.
515 2711 618 2763 diossu:
649 2711 802 2775 sanctificet,
835 2712 853 2763 i.
874 2723 897 2763 e.
918 2716 1048 2793 spumeis

227 2796 336 2849 mundet
353 2795 370 2848 i.
391 2808 415 2848 e.
435 2808 451 2847 u
468 2807 555 2858 noenu
572 2797 648 2860 iugis,
680 2797 713 2849 ed
741 2796 951 2849 emundationem
968 2798 1048 2849 inient

227 2894 280 2935 nou
297 2883 403 2935 animae
427 2882 474 2935 sed
492 2882 588 2934 earnis.
625 2882 808 2935 Verumtamen
833 2882 960 2945 iustorum
977 2884 1047 2936 sieri·

227 2968 287 3019 deiu
299 2980 352 3019 non
363 2966 508 3020 seeundum
520 2977 558 3029 se,
577 2969 607 3017 ui
619 2967 716 3021 dicium
736 2974 784 3030 est,
805 2968 851 3020 sed
863 2970 969 3031 propter
979 2968 1048 3021 iidem

227 3055 381 3117 salvatoris,
401 3064 477 3117 quem
497 3051 524 3102 in
542 3050 596 3103 iiiis
615 3057 751 3107 venturum
771 3059 798 3106 ei
815 3066 862 3117 pru
879 3054 1048 3119 redemptione

228 3140 318 3191 mnndi
336 3139 485 3202 eredebant,
506 3139 559 3190 iieo
571 3140 712 3201 placebunt
730 3144 756 3191 et
774 3142 812 3193 eis
829 3141 950 3195 remissio
966 3153 1049 3205 neem·
