2384 3759
534 329 594 396 ‘165

410 576 566 646 esron
587 577 686 643 xsv.
764 531 772 544 ”
814 527 819 538 ’

147 752 194 808 iie
221 749 327 808 tribus
350 749 564 817 mininistros,
596 751 630 804 in
656 751 804 822 eorporis
831 749 951 807 Christi

443 835 660 906 perceptione.

196 1013 246 1064 iiie
273 1013 315 1063 est
332 1009 471 1062 dicentium
498 1009 532 1063 tie
548 1010 633 1063 tnnns
652 1009 751 1064 ultimis
769 1009 967 1063 considerandis

133 1099 159 1152 in
177 1096 299 1161 eorporis
317 1095 413 1150 christi
431 1097 609 1160 perceptione.

197 1181 315 1236 Primum
341 1172 462 1235 mirabile
488 1186 538 1246 est,
566 1182 635 1248 qnod
661 1193 755 1246 eorpus
778 1181 880 1236 Domini
907 1181 970 1236 dom

128 1270 305 1324 mouentur
322 1280 376 1321 non
391 1269 521 1322 minuitur
537 1272 565 1320 et
581 1270 631 1321 nec
649 1271 689 1319 εει
706 1271 795 1321 conire
811 1267 967 1336 haeretieos,

129 1357 173 1420 qui
191 1355 301 1407 dieunt:
318 1354 341 1406 st
359 1365 453 1417 eorpus
469 1353 572 1406 nomini
590 1353 661 1407 omni
679 1358 767 1406 monte
785 1353 869 1417 mains
887 1356 966 1416 esset,

121 1441 181 1505 jem
200 1441 249 1493 din
266 1438 356 1493 eieriei
374 1439 447 1492 iimd-
461 1438 677 1492 consensissent.
714 1438 796 1502 Huius
812 1443 867 1491 tem
884 1438 968 1492 mine

128 1529 167 1582 rei
195 1541 233 1582 εε.
264 1525 536 1602 tneomnmtibiiitetis
563 1525 681 1590 eorporis
700 1525 795 1578 coristi
814 1526 840 1578 in
859 1526 969 1580 mendu-

127 1613 233 1667 mtione
251 1612 349 1676 triplex
366 1617 406 1665 est
423 1613 504 1665 ratio:

197 1699 286 1753 Prima
309 1698 377 1751 mito
403 1703 445 1751 εει
469 1697 622 1764 quotidiana
648 1700 763 1762 potestas
782 1695 967 1760 consenserim

127 1773 198 1838 nnm'
209 1785 271 1848 ouis
289 1784 410 1837 omnibns
428 1783 521 1837 diebus
540 1789 567 1838 et
584 1784 705 1837 omnibns
722 1783 839 1836 fidelium
858 1783 923 1836 loeis
941 1783 969 1836 ει

127 1872 178 1924 snb
196 1873 238 1924 tot
253 1869 347 1923 hostiis
373 1873 437 1935 quot
453 1869 589 1923 sufiiciunt
606 1869 728 1922 fidelihus
754 1880 845 1922 vemm
864 1873 891 1922 ει
908 1868 967 1923 uni·

127 1968 189 2009 eom
207 1966 303 2019 eorpus
321 1954 415 2007 Christi
440 1967 475 2008 ex
500 1959 642 2024 pmeeepio
662 1955 717 2019 eins
735 1967 890 2009 consecrare
907 1967 968 2019 pos·

127 2054 234 2095 snmus:
270 2040 365 2094 ideirco
392 2041 454 2093 dnm
484 2041 550 2094 iilud
574 2041 780 2102 manducemus,
813 2051 968 2094 oonsumere

126 2131 172 2184 rei
189 2128 312 2180 minnere
328 2139 381 2180 non
399 2128 528 2181 vetemus.
565 2127 729 2180 sicutenim
748 2127 776 2178 in
792 2126 870 2178 nobis
888 2137 968 2179 censo

127 2215 225 2268 salutis
250 2218 373 2268 aeternae
399 2225 503 2277 semper
528 2217 618 2266 menet
635 2213 744 2265 ett’eeins
762 2212 829 2264 iilud
856 2211 967 2266 manin·

127 2301 216 2364 rendi,
248 2299 288 2353 sie
305 2303 332 2352 et
347 2302 463 2364 potestus
489 2303 518 2352 ει
542 2299 651 2351 eiectus
669 2297 842 2350 consecrandi
862 2301 889 2350 ει
906 2309 967 2352 enm

124 2387 179 2452 jem
207 2390 388 2440 consecratum
415 2385 614 2445 meminerimus,
642 2393 806 2449 nequequam
834 2382 901 2436 iilud
918 2383 967 2435 mi-

127 2473 244 2526 nuimus.
282 2473 345 2535 onie
374 2473 443 2536 qnod
462 2483 566 2535 semper
591 2470 620 2522 in
642 2481 672 2522 se
690 2467 819 2522 veraciter
836 2469 968 2534 integrum

127 2563 291 2622 perseverat,
319 2571 354 2611 ne
380 2557 609 2611 sremmenieiiter
634 2555 661 2608 in
689 2553 802 2608 ecelesia
823 2556 968 2619 possit-de·

127 2643 218 2709 iieere,
247 2656 351 2709 semper
377 2643 556 2698 consecrando
581 2644 609 2695 in
627 2641 712 2695 iormn
729 2640 813 2704 panis,
834 2642 909 2707 quasi
926 2653 969 2694 sr-

127 2734 291 2784 ersmeotom
310 2732 450 2784 nutriendo
468 2733 497 2784 et
507 2727 659 2783 renovando
672 2737 866 2782 conservemus.
896 2727 969 2790 Quoi

126 2818 243 2882 priests
264 2815 404 2881 figuratum
431 2820 472 2868 est
497 2815 526 2867 in
543 2813 657 2878 pinibus
675 2813 875 2878 propositionis:
895 2813 968 2864 Pone

127 2915 210 2968 snper
225 2913 345 2957 mensem
362 2911 448 2955 neem
475 2911 558 2964 penes
575 2898 760 2962 propositionis
778 2899 805 2952 in
824 2898 968 2960 conspeetu

127 3001 188 3044 meo
213 3001 327 3053 semper.
345 2989 411 3049 (iis.
427 2984 471 3051 25,
485 2981 544 3051 30.)
578 2985 645 3049 Quid
672 2987 754 3049 ergot
780 2983 904 3037 mentitus
928 2984 968 3036 εει

127 3077 214 3130 lieosi
250 3074 335 3138 Absit,
365 3075 412 3128 seo
439 3074 532 3126 umore
550 3072 639 3125 defleti
656 3072 683 3124 in
701 3081 847 3134 synagoge,
869 3067 968 3122 vetites

127 3167 220 3215 manet
245 3171 296 3213 nee
320 3159 408 3214 deiieit
434 3160 462 3211 in
489 3158 610 3210 ecelesia.
647 3154 773 3208 sacerdos
791 3155 862 3208 enim
879 3157 969 3210 noster
