2384 3759
593 406 646 462 200

204 549 316 614 receptis
342 547 590 612 repromissionibus
617 545 663 601 sed
687 549 798 612 alonge
817 559 863 601 eas
881 549 1041 613 aspicientes

204 639 231 689 et
246 637 392 689 saiutantes
410 640 436 688 et
453 633 616 697 confitentes,
637 634 698 699 qiiiii
717 633 848 698 peregrini
877 639 904 688 et
922 637 1041 700 hospites

203 735 282 786 super
307 727 413 775 terram.
452 721 499 784 oui
526 719 596 773 enim
623 721 689 773 iioec
707 718 811 784 dicunt,
831 719 993 785 significant,
1012 735 1041 775 se

204 808 315 872 patriam
345 805 486 872 inquirere.
521 808 552 859 iit
577 805 709 871 siquidem
736 805 818 869 ipsius
845 807 1040 871 meminissent,

205 896 239 948 de
265 895 467 960 deteriorant,
496 892 629 945 habebant
645 893 735 958 iiiique
753 897 856 958 tempus
873 895 1041 960 reuertendi3

204 991 274 1035 nuno
292 985 380 1034 autem
398 983 526 1046 appetunt
543 978 678 1032 meliorem
689 978 714 1030 i.
735 989 759 1031 e.
780 979 931 1032 coelestem.
945 979 1039 1042 (Hetr.

206 1063 318 1133 11‚13.)

274 1155 310 1207 iic
328 1148 599 1219 quatientium:
629 1151 769 1212 Memento,
791 1161 897 1216 quaeso,
918 1151 991 1216 quod
1008 1153 1043 1204 si-

205 1242 249 1293 cut
275 1241 359 1290 iutum
378 1236 473 1290 iecoris
491 1248 541 1290 me.
579 1232 777 1300 Ecci.14‚18.:
800 1235 888 1290 omnis
906 1247 970 1290 caro
989 1237 1043 1290 iue-

205 1335 267 1377 num
295 1329 323 1376 et
348 1323 416 1375 sicut
433 1322 526 1375 ioiiom
554 1323 582 1374 in
602 1321 693 1375 arbore
711 1321 799 1376 viridi.
837 1322 937 1376 Glosse
968 1324 1044 1376 sicot

206 1411 313 1464 ioeuum
341 1409 369 1461 iu
387 1411 457 1461 terra
475 1410 502 1460 et
520 1408 612 1460 ioiium
637 1408 663 1459 in
683 1407 776 1460 arbore
798 1409 905 1470 crescit,
925 1408 1043 1473 virescit,

205 1495 354 1556 marcescit,
374 1493 470 1546 arescit
487 1495 514 1546 et
532 1493 665 1556 relicitur:
685 1492 723 1545 ita
742 1505 801 1546 caro
819 1497 918 1547 nostra.

276 1582 370 1634 Contra
388 1580 454 1632 iiaec
472 1585 585 1644 cuatuor
602 1581 672 1632 inuia
691 1580 844 1632 ordinantur
861 1583 977 1645 quatuor
995 1582 1044 1634 cir·

206 1668 381 1722 constentino
393 1667 494 1721 tructas
506 1665 632 1718 deminici
649 1666 772 1730 corporis,
793 1655 859 1730 pose
870 1667 980 1720 suivant
997 1680 1044 1721 uos

206 1769 223 1808 a
240 1754 326 1820 pingis
345 1753 444 1806 mortis.
482 1752 519 1806 nid
538 1755 646 1804 aeterna
674 1752 744 1804 enim
762 1758 845 1805 morte
864 1751 969 1817 liberat,
990 1766 1044 1806 me·

204 1841 257 1895 rita
275 1841 361 1893 bonae
378 1842 447 1892 vitre
465 1839 632 1902 multiplicat,
653 1839 686 1891 ud
705 1838 816 1902 patriam
835 1839 906 1892 vitoe
925 1839 1041 1903 deducit,

205 1927 239 1979 ad
258 1929 392 1979 cetemam
409 1924 491 1979 uitam
509 1935 604 1988 eorpus
621 1923 767 1977 resuscitat.
827 1951 832 1958 -

275 2014 312 2065 iic
324 2012 407 2076 primo
425 2011 511 2065 irueiu
522 2011 594 2064 ioan.
610 2011 636 2075 6,
650 2007 710 2063 48.:
730 2011 782 2074 Ego
800 2021 857 2062 sum
869 2011 947 2074 panis
957 2013 1042 2075 uitam

205 2103 294 2164 patres
317 2099 398 2152 uestri
426 2097 652 2151 manducaverunt
679 2109 775 2150 manna
803 2100 829 2148 et
855 2097 952 2150 mortui
970 2102 1041 2150 sunt.

205 2185 254 2237 iiic
272 2188 312 2237 est
329 2185 404 2248 panis
423 2184 456 2235 de
473 2183 546 2236 coeio
564 2183 745 2247 descendens,
770 2186 800 2236 nt
817 2183 839 2235 si
857 2182 915 2248 pois
933 2195 967 2236 ex
987 2183 1043 2246 ipso

205 2271 416 2334 manducaverit,
444 2281 497 2321 non
515 2268 650 2322 moriatur.
688 2269 750 2331 Quia
777 2281 814 2322 sc.
834 2281 887 2322 non
904 2271 992 2322 solum
1010 2271 1042 2322 aii

206 2359 314 2411 aeterna
332 2360 424 2418 morte,
444 2365 512 2420 quae
530 2356 617 2408 estin
635 2355 751 2426 interno,
771 2355 816 2406 sed
835 2354 915 2408 etium
934 2355 968 2408 ab
986 2357 1042 2420 iiia,

210 2455 279 2508 quae
291 2441 341 2494 ruit
358 2443 385 2494 iu
404 2441 484 2494 iimioo
501 2441 597 2494 uirtute
616 2441 731 2504 eorporis
744 2441 838 2493 christi
858 2440 997 2506 liberatum
1017 2445 1045 2494 et

213 2529 320 2591 insuper
337 2530 403 2580 iraec
420 2529 508 2581 brevis
525 2539 595 2580 mors
614 2527 729 2591 eorporis
750 2527 777 2579 iu
796 2527 876 2580 vitan
895 2531 1040 2591 aeternam,

209 2625 277 2680 puae
295 2616 335 2666 est
353 2614 380 2665 in
397 2615 481 2678 coeio,
501 2615 586 2668 eidem
607 2615 787 2666 commutatur.

275 2699 311 2752 iic
329 2699 444 2752 secundo
462 2701 547 2753 iruoto
565 2700 638 2754 ioan.
651 2699 676 2763 6,
692 2695 754 2750 52.;
785 2700 876 2760 Panis,
896 2711 975 2764 quem
993 2711 1042 2763 ego

205 2788 283 2850 dabo,
312 2799 372 2840 earo
391 2798 450 2838 mea
468 2789 509 2838 est
534 2798 581 2849 pro
600 2785 690 2839 mundi
709 2786 778 2850 iita3
807 2784 868 2850 quia
886 2795 934 2848 pru
952 2785 1042 2837 inuiti·

204 2872 334 2937 piioandis
362 2871 461 2924 meritis
480 2871 564 2923 ionae
591 2871 671 2924 viiue.
710 2871 783 2924 Siout
800 2871 871 2922 enim
888 2881 956 2934 puer
982 2883 1042 2934 par·

204 2959 283 3012 uuius
300 2970 348 3022 per
366 2958 453 3009 eibum
472 2956 635 3017 corporalem
665 2957 759 3010 crescit
776 2955 971 3020 magnitudine,
1000 2967 1042 3008 ro-

205 3042 268 3095 bore
287 3045 314 3095 et
331 3043 437 3094 decoro:
464 3041 503 3091 sio
521 3039 607 3091 iideiis
625 3053 673 3104 per
696 3042 783 3095 cibum
799 3042 963 3106 spiritodem
982 3053 1042 3106 pro

206 3127 261 3180 doit
278 3129 378 3181 meritis
396 3129 482 3180 bonae
500 3126 578 3178 vitae.

276 3213 313 3264 ite
324 3214 404 3266 tertio
416 3213 502 3265 noeto
514 3211 589 3263 toan.
604 3208 629 3275 6,
643 3209 704 3267 51.;
724 3215 778 3279 Ego
795 3227 853 3268 sum
872 3215 949 3280 panis
967 3214 1043 3269 uiuus
