2384 3759
634 325 685 378 lte

243 472 342 525 mictu
379 470 449 521 Haec
467 468 518 521 tria
535 465 663 530 disposuit
689 466 717 518 in
739 466 789 517 boc
806 468 970 517 sacramento
990 464 1080 516 diuina

244 554 374 620 sapientia
392 556 484 607 contra
501 558 592 606 uetera
610 553 696 615 malo,
724 552 783 603 scii.
809 554 902 605 contra
920 550 1080 603 obliuionem

243 645 300 706 liei,
327 644 418 694 contra
436 636 552 691 debitum
578 638 689 701 rapinae
707 638 811 691 alienae
829 638 879 700 rei,
908 639 1000 689 contra
1028 647 1080 687 cor·

245 728 381 792 ruptionea
399 725 470 791 pomi
481 722 618 775 mortiferi.
646 722 726 777 Primi
744 722 814 775 enim
828 725 952 788 parentes
970 722 998 774 in
1018 722 1080 773 baec

245 817 297 869 tria
315 814 386 868 maia
403 810 553 864 inciderunt
569 810 723 871 serpentina
739 809 834 862 bande
861 808 963 872 recepti
991 812 1020 861 et
1037 818 1080 871 per

245 914 291 955 eos
318 907 482 953 successores
508 899 570 947 suut
599 894 746 958 depravati.
783 896 819 947 be
846 893 945 957 primo:
976 892 1079 945 Initium

245 985 383 1051 superbire
409 982 522 1036 bominis
548 984 701 1044 apostatare
727 980 830 1042 abeo,
858 980 982 1043 quoniam
1000 979 1034 1030 ab
1052 986 1093 1029 eo·

246 1074 291 1140 nni
312 1072 375 1126 iecit
387 1070 472 1132 iilum,
492 1069 601 1121 recessit
617 1079 662 1119 cor
680 1067 735 1131 elus
759 1067 847 1126 (Ecce.
868 1062 912 1129 10,
935 1062 1002 1130 13.);
1023 1066 1078 1117 scil.

246 1172 295 1225 per
312 1157 474 1210 obliuionem
501 1155 529 1205 iu
547 1152 717 1216 occupatione
736 1152 877 1205 damnosae
895 1150 1079 1215 negotiationis

246 1256 307 1297 corn
333 1243 467 1303 serpente,
494 1240 562 1303 quoi
591 1250 671 1302 saepe
697 1238 784 1291 adbuc
812 1237 968 1305 quibusdum
996 1237 1079 1289 stultis

245 1330 313 1381 solet
342 1326 455 1378 euenire.
494 1327 530 1377 be
557 1325 689 1377 secundo:
725 1324 820 1376 videns
849 1325 946 1377 mulier
972 1324 1078 1388 iignum.

246 1414 314 1480 quon
332 1416 401 1465 esset
419 1411 514 1464 bonum
533 1412 566 1463 ad
584 1411 752 1476 uescendum,
771 1412 798 1463 et
823 1411 961 1475 poicbrnm
988 1410 1078 1471 oculis,

247 1502 408 1563 aspectuque
426 1498 592 1559 detectabiie,
613 1498 674 1548 tulit
692 1497 725 1548 ue
743 1498 830 1549 fructu
849 1500 875 1549 et
893 1498 1016 1561 comedit,
1037 1496 1079 1547 de·

248 1586 338 1651 diique
356 1583 412 1637 uiro
440 1595 488 1636 suo
507 1585 585 1645 (oen.
607 1578 634 1646 3,
653 1578 708 1643 6.);
728 1577 767 1635 sic
786 1582 862 1633 ambo
880 1582 1000 1645 rapinam
1012 1594 1078 1633 com·

247 1673 382 1727 miserunt
418 1668 499 1732 tinius
517 1669 626 1730 rapinae
644 1666 843 1721 similitudinem
861 1666 973 1731 iaciunt,
994 1666 1077 1733 quiin

247 1771 296 1813 usn
309 1762 485 1811 creaturarum
505 1760 531 1806 et
548 1766 635 1807 rernm
654 1766 701 1818 per
713 1754 793 1806 atiani
802 1753 921 1817 iustitiae
934 1765 1076 1807 mensnram

247 1844 387 1898 excedunt.
425 1841 460 1893 be
487 1842 577 1893 tertio:
604 1841 640 1891 De
659 1840 730 1905 liguo
748 1840 874 1893 scientiae
893 1840 957 1893 boni
975 1844 1003 1893 ei
1020 1837 1076 1891 maii

248 1942 283 1983 ne
300 1928 437 1990 cometam
455 1927 483 1978 in
501 1936 655 1990 quocunqne
672 1926 745 1977 enim
763 1926 806 1977 uie
824 1927 972 1979 comederis
990 1939 1022 1978 er
1039 1937 1074 1987 eo,

247 2020 332 2069 morte
350 2013 469 2068 morieris
488 2015 567 2073 (Gen.
589 2010 616 2074 2,
638 2008 714 2077 17,);
746 2015 773 2064 et
798 2012 826 2063 iu
854 2013 921 2065 bono
950 2014 1076 2065 immortu-

251 2100 334 2154 litatis
360 2097 484 2163 corporis.
523 2097 644 2159 corrupti
670 2100 732 2149 sunt
759 2102 787 2149 et
813 2098 1005 2153 abominabiles
1022 2095 1076 2151 raeti

248 2187 316 2237 sunt
334 2184 392 2244 (Pa.
413 2180 457 2245 13,
476 2179 516 2241 1.)
552 2180 604 2245 sic,
633 2180 677 2245 qui
695 2182 796 2245 peceati
812 2176 945 2239 ienennm
964 2188 992 2239 in
1009 2195 1075 2237 usum

248 2271 364 2331 sumunt,
385 2270 485 2321 animas
503 2268 627 2320 occidunt
639 2272 666 2319 et
683 2274 861 2334 corrumpunt.
894 2274 979 2336 igitur
997 2274 1075 2325 contra

248 2355 345 2419 tripier
366 2359 441 2408 uetus
466 2356 565 2407 matum
582 2353 731 2406 institutum
756 2357 796 2407 est
813 2356 861 2409 boo
879 2362 1072 2411 sacramentum.

318 2440 433 2503 Accipite
451 2447 477 2493 et
496 2440 632 2495 comedite.
665 2440 719 2491 iioc
737 2444 777 2492 est
792 2452 885 2505 corpus
899 2454 997 2508 meum,
1017 2442 1074 2509 quoi

249 2537 298 2588 pro
325 2524 398 2577 uobis
416 2526 548 2591 tradetur;
575 2528 625 2579 boc
643 2525 722 2577 faute
745 2525 772 2578 in
791 2539 876 2581 meam
894 2542 1071 2583 commemora·

248 2611 357 2665 tionem.
376 2636 410 2646 -
429 2613 483 2665 iioc
505 2612 595 2674 tacite,
617 2611 710 2676 inquit,
730 2612 758 2665 in
775 2625 861 2667 meam
879 2626 1073 2671 cosummatu-

249 2698 367 2756 ta'ouem,
406 2696 472 2749 ane
487 2698 587 2759 priano
605 2711 693 2761 causa,
720 2698 777 2751 scii.
797 2702 922 2753 memoria
942 2702 1072 2755 salvatoris

249 2788 339 2837 contra
358 2781 528 2835 obliuionem.
555 2810 588 2856 .*
616 2786 688 2847 Quod
706 2798 753 2849 pro
771 2786 846 2841 uobis
863 2788 992 2851 tradetur,
1020 2790 1035 2841 i.
1052 2798 1070 2839 e.

249 2876 280 2924 nt
308 2882 390 2933 agnus
417 2870 463 2923 bei
489 2869 622 2923 niteretur.
660 2873 725 2925 ane
751 2870 998 2941 oeconomorum,
1023 2874 1071 2927 scit.

248 2955 403 3009 sacrificium
410 2952 505 3007 attans
513 2957 1070 3021 conuarapinam.-Acctpiteeteomeiite

248 3042 314 3095 Ecce
333 3043 422 3095 tertio
438 3038 496 3092 scii.
516 3038 588 3091 cibus
601 3041 764 3095 medicinalis
777 3046 868 3097 contra
880 3047 1070 3111 corruptionem.

318 3125 443 3179 itemoria
470 3133 533 3187 ergo
558 3123 702 3178 salvatoris
729 3132 820 3183 contra
849 3130 1013 3185 obliuionem
1040 3134 1072 3183 est
