2384 3759
543 349 596 406 223

147 496 240 560 petrae
256 502 354 556 apuam
371 489 473 553 iudaei,
502 489 542 542 sie
558 488 651 542 ddeles
669 501 702 542 ex
720 489 873 544 uulneribus
892 490 987 544 Christi

146 579 280 634 hauriunt
304 575 471 640 spiritualem
497 575 554 639 ejus
580 575 746 640 sanguinem.
784 577 861 630 zach.
876 574 919 641 13,
942 577 986 630 a:

147 665 212 728 Quid
242 666 304 716 sunt
329 663 426 726 plagae
454 660 520 712 istae
550 660 577 712 in
606 661 694 713 medio
720 672 844 714 manuum
867 665 987 716 tuarum?

147 749 306 816 Responsio:
334 750 365 800 ut
381 759 418 798 se.
441 757 565 811 sugamus
583 758 617 800 ex
636 748 675 800 eis
692 748 848 810 sanguinem
865 749 988 812 spiritua·

146 837 208 890 iem.
245 835 329 890 Fiiiac
356 837 418 886 tuae
444 833 478 885 de
506 833 590 885 latere
616 835 725 897 surgent
737 834 792 893 (Js.
806 832 849 897 60,
862 830 904 894 4.)
923 835 940 886 i.
962 847 986 888 e.

147 924 259 976 devotae
288 920 394 974 animae
421 919 454 972 dc
472 919 582 973 vulnere
604 919 695 972 lateris
713 919 807 972 curisti
825 919 988 984 spiritunon

147 1008 296 1062 devotionis
314 1007 473 1072 sanguinem
492 1004 583 1058 uident
600 1017 647 1068 per
664 1005 735 1070 piam
758 1006 887 1070 passionis
906 1007 988 1060 medi-

148 1095 282 1148 tationem.
321 1093 387 1144 Hinc
417 1092 444 1144 in
462 1092 526 1144 loeis
549 1104 565 1142 a
583 1090 683 1144 dextris
701 1091 818 1146 crucifixi
837 1089 988 1156 depingitur

148 1180 238 1244 poeria
264 1179 344 1232 uitari
371 1179 447 1231 vulto
473 1178 503 1230 et
531 1178 642 1242 pulchra
669 1178 738 1232 inoie
756 1181 784 1230 et
800 1183 925 1234 coronata
943 1179 985 1232 de·

147 1266 256 1330 signans
274 1265 430 1328 ecelesiam,
458 1276 525 1330 quae
551 1263 708 1330 sanguinem
726 1264 820 1320 curisti
837 1268 990 1322 reverenter

148 1351 177 1404 in
195 1351 280 1403 carice
297 1352 415 1414 suscipit,
434 1354 462 1403 et
482 1362 499 1402 a
521 1350 634 1404 sinistris
652 1363 784 1418 synagoga
802 1349 885 1408 oeulis
902 1364 988 1418 panno

147 1435 241 1499 ligatis
259 1436 328 1488 tnsd
345 1437 413 1490 tocie
432 1437 563 1490 inclinans
581 1442 662 1502 caput
679 1443 706 1492 et
723 1451 818 1494 corona
836 1439 986 1506 decidente,

149 1531 219 1586 quae
247 1520 331 1582 ipsum
359 1523 512 1588 sanguinem
541 1523 629 1576 tundit
657 1527 684 1576 et
713 1524 800 1578 adduc
826 1527 980 1579 contemnit.

147 1609 178 1661 in
206 1617 259 1670 quo
278 1605 411 1670 agontur,
440 1609 508 1674 qnod
535 1609 602 1662 daec
625 1610 652 1661 et
670 1610 755 1661 omnis
773 1613 908 1664 moraliter
926 1624 986 1675 pec·

147 1703 212 1745 rans
232 1691 284 1742 tria
303 1690 370 1746 dona
388 1695 475 1758 perdit
492 1708 529 1748 sc.
549 1696 639 1748 lumen
653 1695 762 1760 gratiae,
782 1696 907 1759 gaudium
927 1709 988 1749 con·

148 1777 286 1843 scientiae,
308 1792 430 1833 coronam
447 1780 557 1844 gloriae.
989 1823 991 1828 -

222 1867 342 1918 Secundo
360 1866 510 1931 quaeritur:
531 1867 589 1930 quis
600 1865 637 1918 sii
654 1877 726 1930 usus,
747 1866 779 1918 ad
793 1878 869 1931 quem
881 1867 989 1930 sanguis

149 1950 246 2004 Cirristi
255 1952 397 2016 quaeritur.
427 1952 457 2004 Et
469 1949 616 2014 sciendum,
636 1951 704 2016 quod
724 1952 883 2006 adanimam
902 1955 988 2005 totam

150 2049 207 2090 cum
226 2039 309 2090 uiuus
327 2038 452 2102 potentiis
469 2040 525 2090 sois
542 2052 580 2090 sc.
600 2039 745 2102 intellectu,
767 2039 912 2102 voluntate,
933 2051 988 2092 me·

155 2125 282 2179 memoria
309 2123 516 2188 profundentem
542 2125 599 2178 sive
620 2126 772 2189 potandam.
809 2127 855 2178 En.
870 2122 913 2188 12,
928 2121 987 2181 22:

147 2211 309 2265 fasciculum
337 2210 441 2274 hyssopi
469 2210 562 2275 tingite
590 2211 619 2262 in
648 2211 791 2276 sangnine,
823 2213 868 2276 qui
895 2213 935 2264 est
961 2213 988 2264 in

148 2298 241 2352 limine
259 2301 286 2348 et
303 2297 435 2361 aspergite
460 2309 493 2350 en
511 2309 543 2351 eo
561 2297 781 2360 superiinminare
805 2301 831 2351 et
849 2300 987 2362 utrumque

148 2389 260 2449 postem.
299 2381 461 2434 dascicnrum
478 2383 586 2448 nysoppi
605 2383 736 2448 significat
753 2385 941 2448 perfectionem
959 2387 987 2438 et

150 2465 413 2536 integritatemddeu
434 2469 513 2520 limen
531 2469 624 2522 domus
642 2474 682 2522 est
700 2470 826 2536 Christus,
845 2482 988 2536 perquem

149 2555 302 2610 conceditur
335 2553 368 2606 ad
396 2555 497 2608 coelum
530 2555 661 2608 introitus.
709 2557 871 2612 fasciculum
899 2562 988 2612 auteur

150 2642 258 2706 hyssopi
276 2641 377 2706 tingere
396 2640 573 2707 insanguine,
592 2642 637 2708 qui
656 2644 741 2697 estin
760 2644 861 2710 limine,
882 2647 922 2698 est
939 2655 987 2708 per

151 2727 229 2781 iidem
248 2732 345 2782 rectam
362 2727 519 2790 sangninem
544 2729 675 2793 passionis
693 2731 788 2786 curisti
806 2732 932 2786 deuorare
961 2732 989 2782 et

150 2815 312 2870 confirmare.
350 2815 402 2868 sed
419 2815 546 2870 debemus
572 2829 604 2870 eo
622 2819 760 2883 utrumqne
779 2821 878 2881 postem
898 2820 925 2868 et
941 2825 988 2867 su·

149 2903 318 2968 periiminare
345 2914 485 2968 aspergere
512 2904 530 2956 i.
551 2915 575 2958 e.
604 2905 782 2970 intellectum,
809 2904 929 2956 directum
961 2905 989 2953 et

149 2990 304 3043 memoriam
324 2990 359 3041 ita
377 2990 506 3054 sanguine
524 2990 618 3044 curisti
642 2991 845 3056 perfunderem
862 2988 987 3052 spiritua·

150 3076 212 3129 liter
238 3077 384 3140 inebriare,
413 3080 443 3130 ut
471 3078 623 3132 intellectus
650 3079 727 3143 hujus
753 3075 889 3140 sanguinis
917 3075 987 3130 circa

151 3174 235 3227 genus
254 3163 404 3225 ,humanum
431 3165 554 3220 virtutem
580 3165 764 3229 recognoscam
797 3161 906 3222 affectus
923 3166 987 3230 vtum
