2384 3759
618 344 652 400 le

216 501 262 546 eea
274 488 431 552 deglutiant,
452 499 521 550 puae
537 497 647 550 spumae
663 488 807 540 rostrorum
824 485 975 549 innuerent,
993 497 1052 540 cam
1106 508 1107 513 ¹

217 575 333 632 famelici
352 573 438 628 adhuc
456 574 561 626 leniter
578 573 694 624 clamare
711 583 765 624 non
783 577 893 624 cessam.

286 657 313 711 5.
343 663 529 721 Argumentum
560 659 645 712 ialsee
663 658 841 722 paupertatis,
861 658 905 710 nel
924 657 1054 711 unanime

218 748 271 798 esi:
292 747 407 798 libenter
423 757 533 800 munere
551 751 656 808 praeter
674 745 857 796 necessitatem
875 747 984 806 petere,
1010 745 1053 797 uel
1107 782 1108 819 p

218 844 251 886 oa
277 831 390 887 libenter
416 836 443 884 et
469 832 622 895 frequenter
650 832 777 892 accipere.
816 831 885 882 Talia
903 830 1053 884 libertatem
1107 846 1108 851 ¹

217 930 292 972 suano
313 918 412 980 uendit,
429 916 506 980 turta
523 915 589 968 illud
606 915 770 976 Philosophi:
795 915 904 966 llunera
922 914 1052 978 accipere,

218 1011 260 1058 eet
285 1005 434 1058 libertatem
462 1001 586 1055 vendere.
624 1001 707 1055 litiarn
735 1002 800 1054 dicit
816 1000 961 1064 Scriptura:
995 1003 1054 1056 lton
1108 1064 1109 1067 Ἴ

218 1091 332 1153 accipies
350 1101 468 1148 munerun
488 1098 554 1151 quae
572 1090 716 1139 excaecant
733 1088 824 1138 oculos
841 1087 1010 1152 sapientum,
1028 1092 1056 1140 et
1108 1090 1109 1097 ’

217 1179 321 1230 mutant
347 1173 425 1226 uerba
448 1172 587 1234 iustorum.
615 1169 746 1232 (Denter.
766 1166 882 1231 16,19.)
917 1170 1054 1230 Quomodo

218 1259 290 1312 enirn
319 1255 481 1321 paupertatis
511 1261 550 1306 est
577 1258 696 1316 omnim,
727 1254 771 1318 qui
799 1255 900 1307 nullum
920 1256 1056 1308 deiectum

219 1345 278 1398 uult
303 1343 451 1404 sustinere,
481 1347 507 1393 et
525 1351 634 1392 monera
658 1354 711 1394 non
729 1343 878 1394 necessaria
894 1341 1012 1394 libenter
1029 1345 1057 1394 et
1109 1322 1110 1397 l

219 1431 371 1493 frequenter
388 1427 490 1490 accipit,
510 1427 562 1480 inno
580 1427 665 1489 petit,
694 1430 723 1479 ei
745 1438 804 1480 eom
822 1428 933 1492 quadam
950 1428 1057 1481 subtili·
1109 1404 1110 1473 i

219 1517 274 1569 tate
291 1518 438 1579 extorquet,
457 1521 482 1566 ei
501 1516 607 1576 praeter
624 1513 807 1572 necessitatem
825 1514 984 1566 conseruati

515 1916 671 1990 CAPUT
693 1919 754 1984 VI.

466 2055 801 2114 necestitate.

291 2196 317 2251 1.
344 2199 455 2252 coalitos
483 2210 545 2252 vera
571 2203 651 2262 atoue
679 2199 796 2262 perfecta
821 2202 880 2259 eat,
912 2210 972 2252 conr
999 2211 1057 2252 non

220 2287 306 2338 solum
335 2297 429 2347 corpus
459 2298 475 2338 u
505 2285 652 2350 pollutione
681 2285 780 2336 carnali
810 2283 968 2346 custoditum
999 2285 1057 2338 ino

220 2371 301 2426 etlam
320 2370 408 2424 aninlo
425 2384 441 2422 a
459 2370 672 2434 concupiscentia
683 2371 783 2425 carnali
801 2370 899 2422 munia
917 2374 1057 2432 servatum

220 2457 343 2520 exemplo
361 2458 440 2509 soree
459 2457 581 2510 dicentis:
612 2458 648 2509 Tu
666 2456 735 2518 aeis,
756 2457 881 2518 Domine,
906 2456 967 2519 unia
985 2467 1057 2508 nun-

221 2553 300 2608 quam
317 2542 401 2594 virum
419 2543 566 2606 concupivi,
585 2547 613 2594 et
624 2542 747 2594 monitam
764 2542 868 2594 servavi
886 2542 1003 2596 animam
1021 2542 1058 2594 ab

220 2627 295 2682 omni
322 2628 541 2692 concupiscentia.
574 2627 652 2692 (loo.
672 2621 778 2689 3,·16.)
812 2629 867 2682 ino
896 2631 924 2680 et
951 2627 985 2682 ele
1009 2628 1056 2690 iis,

221 2724 289 2778 puae
317 2717 453 2778 praestant
481 2713 645 2766 occasionem
675 2714 910 2778 concupiscentiae.
947 2715 980 2766 Et
1004 2716 1059 2769 lloo

220 2802 279 2862 eat,
310 2800 378 2864 quoi
397 2799 514 2864 sequitur
531 2799 642 2852 itidem:
670 2801 807 2864 Nunquam
825 2811 884 2852 eum
901 2799 1058 2854 ludentibus

220 2885 315 2948 miseni
334 2897 389 2951 nle;
409 2897 494 2950 neque
512 2897 570 2938 cunr
589 2884 640 2940 iio.
670 2886 715 2950 qul
733 2885 759 2936 in
779 2885 888 2938 leviteie
905 2887 1055 2950 ambulant,

220 2973 375 3036 participem
393 2984 435 3024 rne
454 2972 571 3036 prnenui.
593 2970 672 3034 (roi.
690 2969 723 3035 3,.
738 2969 796 3030 li.)

290 3055 317 3122 2,
336 3061 385 3112 llle
405 3070 465 3112 vere
484 3059 629 3110 castitatem
646 3063 725 3120 amnt,
745 3058 789 3121 poi
808 3056 893 3119 potins
911 3068 959 3119 per
975 3058 1057 3112 casti·

222 3149 302 3196 tatem
323 3145 475 3210 virginalem
496 3140 528 3206 (sl
547 3142 670 3206 possibile
689 3145 771 3202 esset)
790 3143 920 3195 modicam
944 3145 1059 3206 eligeret
