2384 3759
513 355 546 410 31

105 500 250 563 quiescens
271 495 383 560 glorium
401 493 465 558 ipsis
491 505 524 546 er
550 496 600 546 noo
621 494 736 547 denium
754 507 808 548 non
825 496 952 561 retardat,

105 594 186 648 quam
207 594 259 646 pro
278 582 397 644 impenso
415 579 490 632 uoltis
509 579 634 644 obsequio
650 586 838 644 promerentur.

177 669 206 720 4.
228 667 397 720 inductivum
409 677 487 718 verae
496 665 615 728 justitiae
628 671 676 728 ese,
698 665 765 728 qnod
778 666 841 718 dicit
851 666 951 719 liarid:

103 757 196 808 tostus
214 753 353 816 Dominus,
372 759 399 804 et
413 751 529 816 justitias
547 751 652 806 dilexit.
677 751 737 812 (Po.
758 748 802 814 io,
820 749 860 813 8.)
883 755 951 806 ltcm

100 842 172 904 justo
191 837 359 902 promittitur
376 837 402 888 in
419 836 551 900 praesenti
574 848 635 900 spes
658 842 685 888 et
706 836 827 899 laetitia,
856 848 951 890 secun·

104 927 168 980 dum
188 925 272 978 illud:
292 923 544 987 Laetabiturlustns
563 922 589 974 ln
607 922 725 986 Domino,
744 926 772 976 et
787 924 906 986 sperabit
922 924 952 976 in

103 1026 145 1066 eo.
168 1013 232 1072 (Ps.
254 1005 300 1072 63,
321 1007 377 1069 11.)
395 1010 460 1062 ltem
474 1008 554 1072 justis
565 1007 692 1062 indicitur
703 1002 831 1061 cantatio
848 1014 877 1061 et
892 1009 953 1062 lau·

104 1100 189 1160 datio,
210 1095 356 1148 secundum
374 1095 454 1147 illud:
473 1095 596 1148 Erultnte
607 1094 670 1158 justi
688 1094 716 1146 in
728 1093 845 1156 Domino,
866 1097 954 1148 rectos

104 1186 185 1238 decet
203 1182 374 1236 collaudatio.
394 1183 451 1244 (Pr.
472 1177 516 1244 32,
537 1178 579 1242 1.)
598 1183 678 1244 ltem,
703 1180 765 1245 quia
777 1181 858 1244 justis
875 1191 953 1246 prae·

103 1271 206 1322 dicitur
223 1267 352 1320 securitas
369 1267 397 1318 in
414 1265 531 1330 judicio,
560 1267 704 1320 secundum
730 1267 812 1320 illud:
839 1269 952 1322 statium

100 1356 167 1420 insti
189 1354 218 1406 iu
237 1364 336 1416 magna
353 1352 509 1406 constantia.
531 1353 612 1416 (Sap.
632 1351 659 1414 5,
679 1351 719 1418 1,)
743 1354 809 1406 ltern
824 1353 903 1416 lastis
920 1353 954 1408 ut

101 1443 238 1494 aeternae
256 1437 326 1490 ritae
344 1437 491 1502 promissio,
510 1439 654 1492 secundum
671 1438 752 1492 illud:
771 1440 838 1492 lusti
851 1439 950 1504 lnpor-

103 1532 220 1590 potuum
241 1523 340 1576 vivent.
369 1525 450 1585 (Sap.
471 1519 498 1586 5,
518 1520 573 1582 16.)
600 1526 632 1578 ut
658 1524 784 1590 quidquid
802 1525 864 1578 loni
881 1527 953 1578 lieus

104 1615 132 1664 iu
151 1611 291 1674 scriptura
308 1610 463 1672 pollicetur,
487 1611 536 1662 noc
557 1609 673 1662 manne
698 1621 746 1674 per
758 1609 890 1674 justitiam
907 1621 952 1662 ac-

104 1698 237 1764 quiritur.
950 1718 952 1721 ·

178 1778 207 1834 5.
230 1779 354 1835 tiitioiumv
370 1792 446 1833 verae
462 1779 580 1844 justitiae
598 1783 648 1844 est,
666 1779 811 1834 ccctiucme
822 1779 953 1842 comitio·

103 1883 153 1924 nes
174 1872 203 1921 et
222 1867 386 1931 affectiones,
404 1872 435 1920 ut
451 1877 557 1930 semper
573 1869 602 1920 ln
619 1868 672 1918 lieo
689 1867 757 1918 siut:
777 1867 950 1930 uoluntatem,

105 1962 135 2009 nt
155 1954 303 2006 condormis
321 1952 355 2004 sit
367 1954 472 2005 divinae
490 1937 634 2006 voluntati:
654 1951 824 2014 intentiones,
843 1954 953 2004 utsern·

104 2055 155 2106 per
175 2041 206 2092 iu
225 2040 279 2092 lieo
297 2039 362 2104 sint,
388 2045 415 2092 et
433 2040 466 2092 ad
484 2041 590 2094 laudem
612 2038 668 2102 ejus
685 2041 780 2090 cuncta
796 2036 952 2090 reseramus.

102 2126 242 2180 Similiter
259 2126 345 2186 omnia
365 2127 444 2178 vecla
462 2131 489 2178 et
506 2127 575 2178 lacta
593 2124 722 2188 dirigere,
748 2128 778 2176 ut
794 2134 898 2186 semper
915 2123 949 2176 nd

103 2213 231 2274 aliquem
258 2210 400 2272 specialem
427 2215 454 2261 et
479 2214 579 2262 rectum
601 2209 680 2262 linem
703 2209 775 2265 daut
811 2211 843 2264 nt
860 2211 888 2263 iu
906 2211 951 2263 liis

104 2307 148 2350 est
165 2300 353 2368 argumentum
372 2307 450 2350 verae
468 2294 594 2358 justitiae.
1016 2287 1022 2294 '

179 2381 207 2436 6.
229 2386 415 2445 Argumentum
433 2393 494 2434 vero
513 2381 657 2444 iniustitiae
675 2385 724 2448 eat,
744 2384 950 2448 usurpatorum,

103 2481 177 2534 quae
196 2467 306 2532 proprie
324 2468 369 2520 liei
387 2472 467 2530 sunt,
486 2467 588 2520 scilicet
605 2479 739 2534 umorem,
758 2471 879 2536 leudem,
903 2475 949 2526 lo·

102 2568 211 2619 norem,
234 2555 392 2620 rludictam;
413 2555 456 2608 rel
473 2567 540 2620 quoe
558 2558 763 2621 praxidicam,
786 2562 813 2610 et
829 2559 950 2621 proximo

104 2643 250 2696 donantur.
270 2667 305 2678 -
324 2643 342 2694 0
361 2643 428 2694 listas
446 2637 539 2704 mens,
569 2642 651 2706 dirige
677 2655 783 2707 gressus
804 2657 894 2707 meos,
919 2651 951 2700 ut

102 2741 157 2782 non
177 2729 333 2782 dominetur
349 2727 400 2782 mei
419 2729 502 2780 omnis
521 2729 656 2792 injustitia.
677 2732 736 2790 (Pa.
757 2727 913 2794 liuius.)

451 2915 608 2926 ——..-
