2384 3759
629 309 682 366 150

135 425 146 446 ⁶
238 457 347 518 oroutcr
361 453 479 507 ddeiium
496 454 636 507 dumetum
662 453 691 505 in
717 463 748 504 eo
765 451 995 516 signiticotionem.
1039 455 1082 507 Si·

239 543 284 592 cut
310 540 379 592 euim
406 541 522 594 triticum
549 540 694 593 secondum
721 538 851 602 triplicem
869 542 968 590 statum
996 539 1082 591 undet

240 625 408 689 considerari,
432 625 470 677 sic
489 625 606 678 iideiium
616 625 773 678 universitas
790 625 818 676 in
835 628 888 676 tres
907 627 992 676 stotus
1011 626 1081 677 solet

240 713 374 777 distingui.
405 713 517 765 Tertium
537 715 624 764 cutem
644 710 824 764 consideratur
841 709 987 761 secundum
1008 711 1079 774 quod

206 782 213 794 κ
239 803 292 852 utut
310 800 338 851 in
357 799 436 863 agris,
465 799 508 850 vel
527 798 672 850 secundum
696 795 764 861 quod
782 807 864 860 granu
883 801 1047 859 soporantur
1065 809 1080 847 u

239 883 333 950 unicis,
361 885 405 936 vei
431 883 576 934 secuudum
604 883 674 947 quod
698 881 753 944 jum
779 888 890 944 purgum
909 882 1035 935 locuntur
1053 883 1078 934 iu

240 968 376 1036 granariis.
413 969 540 1021 similiter
556 969 626 1020 inter
643 965 735 1020 fideles
752 970 805 1020 tres
818 967 983 1020 differentiae
1003 973 1075 1032 suut,

240 1056 430 1120 incipientium,
459 1052 659 1116 proficientium,
678 1054 861 1117 periectomm.
897 1053 979 1106 Primi
997 1056 1077 1120 sigui·

240 1141 352 1194 iicontor
368 1153 417 1203 uer
434 1141 551 1192 triticum
565 1145 638 1194 stuns
657 1141 684 1192 in
698 1141 776 1205 ogeis,
795 1141 904 1192 secundi
922 1154 972 1204 per
984 1153 1077 1205 grano,

240 1239 308 1291 quoe
325 1229 471 1289 purgantur
484 1241 499 1278 u
511 1227 606 1289 unicis,
625 1227 695 1280 tertii
713 1240 761 1291 ner
772 1239 854 1292 gruna
866 1229 990 1292 purgato,
1012 1240 1077 1293 nuuc

240 1311 362 1364 locuntur
378 1312 406 1363 in
418 1312 554 1374 gmnoriis.
584 1312 664 1365 Primi
680 1313 831 1366 desiderunt
843 1314 990 1367 doctrinam
1003 1326 1077 1378 uruc-

240 1399 396 1460 dicotomm
425 1398 535 1451 secundi
552 1403 705 1464 sequentem
724 1402 922 1465 purgationem,
941 1400 1016 1454 tertii
1035 1413 1076 1452 uc·

241 1490 343 1539 ternum
370 1485 486 1548 requiem
505 1485 649 1538 doctorum.
672 1513 705 1523 -
725 1485 759 1540 iic
782 1487 931 1552 primumn
950 1484 995 1550 37,
1016 1485 1074 1542 11,;

239 1573 406 1626 Frumentum
435 1570 568 1624 desiderat
583 1572 667 1624 nubes
683 1575 717 1630 ¹et
735 1573 816 1625 nubes
834 1577 967 1636 spargunt
988 1575 1075 1624 iumen

240 1669 325 1718 suum,
340 1669 405 1722 quoe
417 1657 530 1709 instrunt
542 1662 638 1711 cuncto
651 1669 697 1723 ner
709 1659 853 1710 circuitum.
883 1659 977 1722 oren:
995 1658 1075 1711 Eiecti

240 1749 303 1796 sunt
328 1744 486 1796 trumentum
514 1744 559 1794 Dei
586 1745 745 1796 coelestibus
774 1745 877 1796 imrreis
905 1743 1071 1796 recondendi.

240 1831 405 1885 Frumentum
423 1831 507 1882 nubes
526 1831 667 1893 desiderat,
687 1831 749 1894 quio
761 1831 860 1882 eiectus
879 1832 990 1894 quisque
1003 1841 1073 1894 urcu-

240 1917 352 1970 sontium
370 1921 517 1970 sanctorum
530 1917 738 1980 praedicatorum
752 1918 876 1978 exoniam
896 1916 987 1968 iumen
1005 1927 1073 1980 spur-

241 2004 391 2068 gnutonis
408 2003 602 2065 uruedicutorcs
620 2003 704 2054 suncti
723 2003 845 2066 exempto
872 2001 942 2054 vitoe
966 2005 993 2054 ct
1011 2001 1073 2053 benc

242 2089 344 2153 cgcndo
362 2093 389 2141 et
406 2089 537 2152 loquendo
556 2089 676 2141 dilatant.
710 2088 796 2142 itubes
814 2090 901 2140 nutem
920 2091 1014 2141 cuncto
1031 2099 1074 2150 uer

241 2177 378 2229 circuitum
397 2177 518 2240 instmnt‚
538 2176 600 2241 quio
611 2162 812 2240 praedicationis
831 2175 889 2227 ince
902 2175 994 2226 mundi
1012 2173 1072 2226 does

241 2263 452 2316 illuminant-
471 2265 507 2318 iic
519 2264 649 2317 secundo:
669 2263 753 2317 dudio.
773 2259 873 2326 6,11.:
894 2262 957 2314 Cum
972 2261 1072 2314 tiedeon

242 2351 379 2402 exstiteret
395 2352 423 2400 et
438 2352 565 2414 purgaret
580 2349 713 2402 frumento
731 2349 758 2400 in
776 2348 909 2410 torculari,
928 2350 959 2399 ut
977 2347 1073 2410 ingeret

242 2433 356 2495 Modico,
375 2437 499 2498 onuoruit
516 2437 541 2507 ei
560 2437 670 2499 ungulus
688 2437 796 2488 Domini.
836 2435 942 2488 dedeon
966 2435 1072 2486 eiectum

243 2531 371 2584 quemque
389 2520 527 2585 significat,
548 2523 591 2586 qui
611 2533 669 2575 corn
682 2522 775 2574 umbro
787 2523 892 2573 sunctae
905 2521 991 2572 crucis
1002 2518 1072 2571 recti·

242 2605 334 2658 tudine
348 2606 439 2668 iudicii
458 2609 631 2661 confessionis
651 2611 736 2673 virgo,
757 2609 829 2672 quusi
848 2618 892 2658 cor
911 2618 988 2658 suum
1005 2619 1021 2657 n
1038 2603 1071 2657 vi·

243 2691 338 2746 tiorum
356 2691 440 2755 unicis
457 2698 612 2757 sequestrat,
641 2694 784 2746 consuistis
802 2705 861 2746 eum
881 2691 971 2745 divino
989 2694 1072 2744 contro

242 2776 402 2833 tentationes
430 2777 585 2831 doemonum
608 2783 747 2834 coufortat.
777 2807 811 2816 —
840 2781 877 2831 iie
900 2780 993 2841 tortio,
1015 2779 1069 2832 Luc.

243 2859 341 2928 3,16.;
355 2861 447 2913 veniet
457 2863 549 2916 tortior
557 2868 617 2928 onst
628 2879 679 2930 me,
693 2865 947 2930 cujusvcntiiudrum
961 2866 988 2917 in
998 2876 1071 2938 muno

243 2959 292 3000 sun
310 2950 337 2998 ct
362 2947 664 3009 congreguhittriticum
694 2953 721 3004 in
739 2953 860 3006 horreum
880 2963 967 3016 suoru,
988 2953 1070 3015 unicus

244 3032 484 3087 outem'cnmimret
501 3033 777 3102 igniiuertingoitiii.

313 3115 399 3169 'tertio
426 3116 471 3169 dot
495 3129 588 3183 corpus
606 3134 681 3174 suum
707 3123 756 3175 sub
783 3121 871 3187 specie
889 3123 966 3187 nanis
984 3122 1069 3177 triticei
