<?xml version="1.0" encoding="UTF-8"?>
<!DOCTYPE html PUBLIC "-//W3C//DTD XHTML 1.0 Transitional//EN"
    "http://www.w3.org/TR/xhtml1/DTD/xhtml1-transitional.dtd">
<html xmlns="http://www.w3.org/1999/xhtml" xml:lang="en" lang="en">
 <head>
  <title>
</title>
<meta http-equiv="Content-Type" content="text/html;charset=utf-8" />
  <meta name='ocr-system' content='tesseract 3.04.00' />
  <meta name='ocr-capabilities' content='ocr_page ocr_carea ocr_par ocr_line ocrx_word'/>
</head>
<body>
  <div class='ocr_page' id='page_1' title='image "./paradisusanimae00sailgoog_0154.png"; bbox 0 0 2384 3759; ppageno 0'>
   <div class='ocr_carea' id='block_1_1' title="bbox 619 340 672 397">
    <p class='ocr_par' dir='ltr' id='par_1_1' title="bbox 619 340 672 397">
     <span class='ocr_line' id='line_1_1' title="bbox 619 340 672 397; baseline 0.038 -2"><span class='ocrx_word' id='word_1_1' title='bbox 619 340 672 397; x_wconf 82' lang='lat'><strong>1³0</strong></span> 
     </span>
    </p>
   </div>
   <div class='ocr_carea' id='block_1_2' title="bbox 224 480 1064 3051">
    <p class='ocr_par' dir='ltr' id='par_1_2' title="bbox 224 480 1063 1395">
     <span class='ocr_line' id='line_1_2' title="bbox 224 480 1059 545; baseline -0.006 -5"><span class='ocrx_word' id='word_1_2' title='bbox 224 486 287 540; x_wconf 80' lang='lat' dir='ltr'><strong>telis</strong></span> <span class='ocrx_word' id='word_1_3' title='bbox 314 496 358 538; x_wconf 85' lang='lat' dir='ltr'><strong>res</strong></span> <span class='ocrx_word' id='word_1_4' title='bbox 382 489 424 537; x_wconf 89' lang='lat' dir='ltr'><strong>est</strong></span> <span class='ocrx_word' id='word_1_5' title='bbox 437 487 630 539; x_wconf 73' lang='lat' dir='ltr'><strong>sementum</strong></span> <span class='ocrx_word' id='word_1_6' title='bbox 658 480 781 535; x_wconf 76' lang='lat' dir='ltr'><strong>dominini</strong></span> <span class='ocrx_word' id='word_1_7' title='bbox 807 482 936 545; x_wconf 80' lang='lat' dir='ltr'><strong>comonis.</strong></span> <span class='ocrx_word' id='word_1_8' title='bbox 957 508 992 519; x_wconf 86' lang='lat'><strong>·-</strong></span> <span class='ocrx_word' id='word_1_9' title='bbox 1009 484 1059 535; x_wconf 75' lang='lat' dir='ltr'><strong>ite</strong></span> 
     </span>
     <span class='ocr_line' id='line_1_3' title="bbox 225 568 1059 633; baseline -0.007 -8"><span class='ocrx_word' id='word_1_10' title='bbox 225 572 307 625; x_wconf 83' lang='lat' dir='ltr'><strong>morio</strong></span> <span class='ocrx_word' id='word_1_11' title='bbox 329 570 416 624; x_wconf 73' lang='lat' dir='ltr'><strong>sosine</strong></span> <span class='ocrx_word' id='word_1_12' title='bbox 442 570 470 621; x_wconf 91' lang='lat' dir='ltr'><strong>in</strong></span> <span class='ocrx_word' id='word_1_13' title='bbox 496 569 684 633; x_wconf 72' lang='lat' dir='ltr'><strong>compositione</strong></span> <span class='ocrx_word' id='word_1_14' title='bbox 703 568 804 631; x_wconf 83' lang='lat' dir='ltr'><strong>odoris,</strong></span> <span class='ocrx_word' id='word_1_15' title='bbox 831 569 902 621; x_wconf 77' lang='lat' dir='ltr'><strong>torto</strong></span> <span class='ocrx_word' id='word_1_16' title='bbox 920 580 988 631; x_wconf 78' lang='lat' dir='ltr'><strong>opus</strong></span> <span class='ocrx_word' id='word_1_17' title='bbox 1005 568 1059 632; x_wconf 79' lang='lat' dir='ltr'><strong>pig·</strong></span> 
     </span>
     <span class='ocr_line' id='line_1_4' title="bbox 225 652 1059 720; baseline -0.004 -10"><span class='ocrx_word' id='word_1_18' title='bbox 225 656 357 710; x_wconf 77' lang='lat' dir='ltr'><strong>mensorii.</strong></span> <span class='ocrx_word' id='word_1_19' title='bbox 377 656 465 716; x_wconf 68' lang='lat' dir='ltr'><strong>(ieci</strong></span> <span class='ocrx_word' id='word_1_20' title='bbox 483 652 527 717; x_wconf 80' lang='lat' dir='ltr'><strong>to,</strong></span> <span class='ocrx_word' id='word_1_21' title='bbox 543 654 578 720; x_wconf 90' lang='lat'><strong>1.)</strong></span> <span class='ocrx_word' id='word_1_22' title='bbox 605 654 730 709; x_wconf 77' lang='lat' dir='ltr'><strong>Memoris</strong></span> <span class='ocrx_word' id='word_1_23' title='bbox 741 655 830 707; x_wconf 80' lang='lat' dir='ltr'><strong>iosiee</strong></span> <span class='ocrx_word' id='word_1_24' title='bbox 848 658 890 707; x_wconf 86' lang='lat' dir='ltr'><strong>est</strong></span> <span class='ocrx_word' id='word_1_25' title='bbox 905 655 1059 707; x_wconf 78' lang='lat' dir='ltr'><strong>monorioie</strong></span> 
     </span>
     <span class='ocr_line' id='line_1_5' title="bbox 225 739 1060 806; baseline -0.001 -10"><span class='ocrx_word' id='word_1_26' title='bbox 225 741 370 797; x_wconf 83' lang='lat' dir='ltr'><strong>soirotoris</strong></span> <span class='ocrx_word' id='word_1_27' title='bbox 381 742 426 794; x_wconf 82' lang='lat' dir='ltr'><strong>rei</strong></span> <span class='ocrx_word' id='word_1_28' title='bbox 437 739 595 795; x_wconf 79' lang='lat' dir='ltr'><strong>soeriiioinm</strong></span> <span class='ocrx_word' id='word_1_29' title='bbox 607 741 712 795; x_wconf 79' lang='lat' dir='ltr'><strong>Altoris.</strong></span> <span class='ocrx_word' id='word_1_30' title='bbox 743 742 797 795; x_wconf 83' lang='lat' dir='ltr'><strong>iios</strong></span> <span class='ocrx_word' id='word_1_31' title='bbox 812 741 911 793; x_wconf 82' lang='lat' dir='ltr'><strong>inotnm</strong></span> <span class='ocrx_word' id='word_1_32' title='bbox 930 745 973 795; x_wconf 88' lang='lat' dir='ltr'><strong>est</strong></span> <span class='ocrx_word' id='word_1_33' title='bbox 984 752 1060 806; x_wconf 78' lang='lat' dir='ltr'><strong>onere</strong></span> 
     </span>
     <span class='ocr_line' id='line_1_6' title="bbox 225 827 1060 895; baseline -0.001 -14"><span class='ocrx_word' id='word_1_34' title='bbox 225 827 393 895; x_wconf 68' lang='lat' dir='ltr'><strong>pigmentarii</strong></span> <span class='ocrx_word' id='word_1_35' title='bbox 410 840 446 879; x_wconf 84' lang='lat' dir='ltr'><strong>so.</strong></span> <span class='ocrx_word' id='word_1_36' title='bbox 464 839 498 879; x_wconf 85' lang='lat' dir='ltr'><strong>er</strong></span> <span class='ocrx_word' id='word_1_37' title='bbox 515 827 638 890; x_wconf 78' lang='lat' dir='ltr'><strong>pretiosis</strong></span> <span class='ocrx_word' id='word_1_38' title='bbox 656 827 779 893; x_wconf 76' lang='lat' dir='ltr'><strong>operibns</strong></span> <span class='ocrx_word' id='word_1_39' title='bbox 796 828 945 881; x_wconf 72' lang='lat' dir='ltr'><strong>divinitatis</strong></span> <span class='ocrx_word' id='word_1_40' title='bbox 973 833 1000 880; x_wconf 88' lang='lat' dir='ltr'><strong>et</strong></span> <span class='ocrx_word' id='word_1_41' title='bbox 1017 830 1060 880; x_wconf 84' lang='lat' dir='ltr'><strong>in·</strong></span> 
     </span>
     <span class='ocr_line' id='line_1_7' title="bbox 226 912 1061 977; baseline -0.001 -9"><span class='ocrx_word' id='word_1_42' title='bbox 226 915 362 968; x_wconf 81' lang='lat' dir='ltr'><strong>monitntis</strong></span> <span class='ocrx_word' id='word_1_43' title='bbox 391 924 470 976; x_wconf 82' lang='lat' dir='ltr'><strong>sune,</strong></span> <span class='ocrx_word' id='word_1_44' title='bbox 502 916 533 965; x_wconf 89' lang='lat' dir='ltr'><strong>ut</strong></span> <span class='ocrx_word' id='word_1_45' title='bbox 554 912 712 966; x_wconf 77' lang='lat' dir='ltr'><strong>suavissimo</strong></span> <span class='ocrx_word' id='word_1_46' title='bbox 738 914 884 967; x_wconf 72' lang='lat' dir='ltr'><strong>honestatis</strong></span> <span class='ocrx_word' id='word_1_47' title='bbox 912 916 940 966; x_wconf 89' lang='lat' dir='ltr'><strong>et</strong></span> <span class='ocrx_word' id='word_1_48' title='bbox 958 914 1061 977; x_wconf 73' lang='lat' dir='ltr'><strong>pietatis</strong></span> 
     </span>
     <span class='ocr_line' id='line_1_8' title="bbox 225 996 1061 1054; baseline -0.005 -1"><span class='ocrx_word' id='word_1_49' title='bbox 225 1001 306 1054; x_wconf 80' lang='lat' dir='ltr'><strong>odore</strong></span> <span class='ocrx_word' id='word_1_50' title='bbox 332 999 366 1051; x_wconf 81' lang='lat' dir='ltr'><strong>eti</strong></span> <span class='ocrx_word' id='word_1_51' title='bbox 383 1010 413 1051; x_wconf 85' lang='lat' dir='ltr'><strong>se</strong></span> <span class='ocrx_word' id='word_1_52' title='bbox 430 999 520 1051; x_wconf 75' lang='grc' dir='ltr'><strong>ιιιιιιι</strong></span> <span class='ocrx_word' id='word_1_53' title='bbox 544 996 638 1050; x_wconf 84' lang='lat' dir='ltr'><strong>iioeies</strong></span> <span class='ocrx_word' id='word_1_54' title='bbox 664 997 800 1051; x_wconf 73' lang='lat' dir='ltr'><strong>ecetesme.</strong></span> <span class='ocrx_word' id='word_1_55' title='bbox 838 999 930 1051; x_wconf 83' lang='lat' dir='ltr'><strong>oienm</strong></span> <span class='ocrx_word' id='word_1_56' title='bbox 950 998 1061 1051; x_wconf 74' lang='lat' dir='ltr'><strong>effosum</strong></span> 
     </span>
     <span class='ocr_line' id='line_1_9' title="bbox 225 1081 1061 1148; baseline -0.005 -7"><span class='ocrx_word' id='word_1_57' title='bbox 225 1099 323 1141; x_wconf 88' lang='lat' dir='ltr'><strong>nomen</strong></span> <span class='ocrx_word' id='word_1_58' title='bbox 340 1093 423 1138; x_wconf 81' lang='lat' dir='ltr'><strong>onum</strong></span> <span class='ocrx_word' id='word_1_59' title='bbox 443 1084 540 1148; x_wconf 75' lang='lat' dir='ltr'><strong>(caut.</strong></span> <span class='ocrx_word' id='word_1_60' title='bbox 560 1083 586 1148; x_wconf 92' lang='lat'><strong>1,</strong></span> <span class='ocrx_word' id='word_1_61' title='bbox 600 1081 640 1145; x_wconf 74' lang='lat'><strong>3.)</strong></span> <span class='ocrx_word' id='word_1_62' title='bbox 667 1086 732 1138; x_wconf 85' lang='lat' dir='ltr'><strong>iitne</strong></span> <span class='ocrx_word' id='word_1_63' title='bbox 744 1096 843 1147; x_wconf 90' lang='lat' dir='ltr'><strong>omnes,</strong></span> <span class='ocrx_word' id='word_1_64' title='bbox 862 1085 907 1148; x_wconf 89' lang='lat' dir='ltr'><strong>qui</strong></span> <span class='ocrx_word' id='word_1_65' title='bbox 926 1096 992 1138; x_wconf 84' lang='lat' dir='ltr'><strong>vere</strong></span> <span class='ocrx_word' id='word_1_66' title='bbox 1010 1096 1061 1137; x_wconf 72' lang='lat' dir='ltr'><strong>ore</strong></span> 
     </span>
     <span class='ocr_line' id='line_1_10' title="bbox 227 1170 1061 1233; baseline -0.004 -8"><span class='ocrx_word' id='word_1_67' title='bbox 227 1173 294 1225; x_wconf 76' lang='lat' dir='ltr'><strong>dont</strong></span> <span class='ocrx_word' id='word_1_68' title='bbox 310 1171 344 1223; x_wconf 84' lang='lat' dir='ltr'><strong>ob</strong></span> <span class='ocrx_word' id='word_1_69' title='bbox 362 1181 437 1233; x_wconf 77' lang='lat' dir='ltr'><strong>soem</strong></span> <span class='ocrx_word' id='word_1_70' title='bbox 456 1170 559 1233; x_wconf 73' lang='lat' dir='ltr'><strong>gratioe</strong></span> <span class='ocrx_word' id='word_1_71' title='bbox 576 1174 605 1223; x_wconf 84' lang='lat' dir='ltr'><strong>et</strong></span> <span class='ocrx_word' id='word_1_72' title='bbox 621 1171 768 1224; x_wconf 81' lang='lat' dir='ltr'><strong>devotionis</strong></span> <span class='ocrx_word' id='word_1_73' title='bbox 785 1170 818 1222; x_wconf 85' lang='lat' dir='ltr'><strong>nd</strong></span> <span class='ocrx_word' id='word_1_74' title='bbox 837 1172 886 1221; x_wconf 84' lang='lat' dir='ltr'><strong>hos</strong></span> <span class='ocrx_word' id='word_1_75' title='bbox 903 1170 1061 1223; x_wconf 76' lang='lat' dir='ltr'><strong>sacrificinm</strong></span> 
     </span>
     <span class='ocr_line' id='line_1_11' title="bbox 227 1254 1063 1321; baseline -0.001 -13"><span class='ocrx_word' id='word_1_76' title='bbox 227 1256 369 1309; x_wconf 80' lang='lat' dir='ltr'><strong>videntium</strong></span> <span class='ocrx_word' id='word_1_77' title='bbox 400 1256 427 1305; x_wconf 86' lang='lat' dir='ltr'><strong>et</strong></span> <span class='ocrx_word' id='word_1_78' title='bbox 445 1254 622 1320; x_wconf 76' lang='lat' dir='ltr'><strong>odorantium,</strong></span> <span class='ocrx_word' id='word_1_79' title='bbox 654 1256 688 1309; x_wconf 79' lang='lat' dir='ltr'><strong>oti</strong></span> <span class='ocrx_word' id='word_1_80' title='bbox 712 1257 849 1309; x_wconf 81' lang='lat' dir='ltr'><strong>eeclesiam</strong></span> <span class='ocrx_word' id='word_1_81' title='bbox 866 1257 1023 1321; x_wconf 76' lang='lat' dir='ltr'><strong>frequenter</strong></span> <span class='ocrx_word' id='word_1_82' title='bbox 1039 1260 1063 1308; x_wconf 90' lang='lat' dir='ltr'><strong>et</strong></span> 
     </span>
     <span class='ocr_line' id='line_1_12' title="bbox 227 1342 527 1395; baseline -0.007 0"><span class='ocrx_word' id='word_1_83' title='bbox 227 1342 362 1395; x_wconf 71' lang='lat' dir='ltr'><strong>ferventer</strong></span> <span class='ocrx_word' id='word_1_84' title='bbox 379 1346 527 1394; x_wconf 71' lang='lat' dir='ltr'><strong>recurunt</strong></span> 
     </span>
    </p>

    <p class='ocr_par' dir='ltr' id='par_1_3' title="bbox 226 1426 1064 3051">
     <span class='ocr_line' id='line_1_13' title="bbox 279 1426 1064 1493; baseline 0.006 -16"><span class='ocrx_word' id='word_1_85' title='bbox 279 1426 399 1478; x_wconf 77' lang='lat' dir='ltr'><strong>seeundo</strong></span> <span class='ocrx_word' id='word_1_86' title='bbox 425 1426 534 1478; x_wconf 83' lang='lat' dir='ltr'><strong>eroeiiit</strong></span> <span class='ocrx_word' id='word_1_87' title='bbox 558 1426 663 1479; x_wconf 73' lang='lat' dir='ltr'><strong>ratione</strong></span> <span class='ocrx_word' id='word_1_88' title='bbox 682 1426 829 1490; x_wconf 57' lang='lat' dir='ltr'><strong>dignitotis</strong></span> <span class='ocrx_word' id='word_1_89' title='bbox 850 1428 919 1493; x_wconf 83' lang='lat' dir='ltr'><strong>quoi</strong></span> <span class='ocrx_word' id='word_1_90' title='bbox 939 1428 1064 1493; x_wconf 79' lang='lat' dir='ltr'><strong>probetur</strong></span> 
     </span>
     <span class='ocr_line' id='line_1_14' title="bbox 228 1510 1059 1579; baseline 0 -14"><span class='ocrx_word' id='word_1_91' title='bbox 228 1525 244 1565; x_wconf 84' lang='lat' dir='ltr'><strong>n</strong></span> <span class='ocrx_word' id='word_1_92' title='bbox 262 1512 347 1565; x_wconf 80' lang='lat' dir='ltr'><strong>tribes</strong></span> <span class='ocrx_word' id='word_1_93' title='bbox 363 1510 443 1563; x_wconf 81' lang='lat' dir='ltr'><strong>rebus</strong></span> <span class='ocrx_word' id='word_1_94' title='bbox 460 1511 665 1575; x_wconf 73' lang='lat' dir='ltr'><strong>pretiosissimis,</strong></span> <span class='ocrx_word' id='word_1_95' title='bbox 694 1524 728 1565; x_wconf 83' lang='lat' dir='ltr'><strong>ex</strong></span> <span class='ocrx_word' id='word_1_96' title='bbox 746 1512 841 1577; x_wconf 77' lang='lat' dir='ltr'><strong>nntius</strong></span> <span class='ocrx_word' id='word_1_97' title='bbox 859 1516 998 1579; x_wconf 58' lang='lat' dir='ltr'><strong>sensistin</strong></span> <span class='ocrx_word' id='word_1_98' title='bbox 1025 1528 1059 1567; x_wconf 88' lang='lat' dir='ltr'><strong>so.</strong></span> 
     </span>
     <span class='ocr_line' id='line_1_15' title="bbox 227 1598 1061 1665; baseline 0.002 -12"><span class='ocrx_word' id='word_1_99' title='bbox 227 1613 263 1653; x_wconf 81' lang='lat' dir='ltr'><strong>on</strong></span> <span class='ocrx_word' id='word_1_100' title='bbox 280 1612 360 1653; x_wconf 83' lang='lat' dir='ltr'><strong>onrne</strong></span> <span class='ocrx_word' id='word_1_101' title='bbox 372 1600 467 1653; x_wconf 87' lang='lat' dir='ltr'><strong>coristi</strong></span> <span class='ocrx_word' id='word_1_102' title='bbox 485 1598 666 1664; x_wconf 77' lang='lat' dir='ltr'><strong>mundissimo,</strong></span> <span class='ocrx_word' id='word_1_103' title='bbox 686 1601 774 1654; x_wconf 80' lang='lat' dir='ltr'><strong>enimn</strong></span> <span class='ocrx_word' id='word_1_104' title='bbox 789 1602 944 1665; x_wconf 77' lang='lat' dir='ltr'><strong>iustissime,</strong></span> <span class='ocrx_word' id='word_1_105' title='bbox 964 1602 1061 1655; x_wconf 72' lang='lat' dir='ltr'><strong>deitate</strong></span> 
     </span>
     <span class='ocr_line' id='line_1_16' title="bbox 227 1687 1059 1752; baseline -0.001 -11"><span class='ocrx_word' id='word_1_106' title='bbox 227 1689 365 1741; x_wconf 72' lang='lat' dir='ltr'><strong>altissimo.</strong></span> <span class='ocrx_word' id='word_1_107' title='bbox 402 1689 473 1740; x_wconf 80' lang='lat' dir='ltr'><strong>iinon</strong></span> <span class='ocrx_word' id='word_1_108' title='bbox 497 1687 549 1740; x_wconf 86' lang='lat' dir='ltr'><strong>trio</strong></span> <span class='ocrx_word' id='word_1_109' title='bbox 575 1687 603 1739; x_wconf 89' lang='lat' dir='ltr'><strong>in</strong></span> <span class='ocrx_word' id='word_1_110' title='bbox 630 1698 699 1751; x_wconf 79' lang='lat' dir='ltr'><strong>agno</strong></span> <span class='ocrx_word' id='word_1_111' title='bbox 721 1688 840 1751; x_wconf 81' lang='lat' dir='ltr'><strong>nnsonsii</strong></span> <span class='ocrx_word' id='word_1_112' title='bbox 858 1687 973 1752; x_wconf 71' lang='lat' dir='ltr'><strong>figurate</strong></span> <span class='ocrx_word' id='word_1_113' title='bbox 992 1692 1059 1748; x_wconf 87' lang='lat' dir='ltr'><strong>sunt,</strong></span> 
     </span>
     <span class='ocr_line' id='line_1_17' title="bbox 227 1773 1061 1838; baseline -0.005 -10"><span class='ocrx_word' id='word_1_114' title='bbox 227 1776 256 1829; x_wconf 91' lang='lat' dir='ltr'><strong>in</strong></span> <span class='ocrx_word' id='word_1_115' title='bbox 282 1781 371 1828; x_wconf 88' lang='lat' dir='ltr'><strong>nostro</strong></span> <span class='ocrx_word' id='word_1_116' title='bbox 397 1773 525 1827; x_wconf 84' lang='lat' dir='ltr'><strong>sncriiioio</strong></span> <span class='ocrx_word' id='word_1_117' title='bbox 551 1786 615 1827; x_wconf 81' lang='lat' dir='ltr'><strong>vere</strong></span> <span class='ocrx_word' id='word_1_118' title='bbox 645 1775 761 1838; x_wconf 73' lang='lat' dir='ltr'><strong>pertento</strong></span> <span class='ocrx_word' id='word_1_119' title='bbox 787 1776 855 1825; x_wconf 81' lang='lat' dir='ltr'><strong>sunt.</strong></span> <span class='ocrx_word' id='word_1_120' title='bbox 894 1774 980 1837; x_wconf 81' lang='lat' dir='ltr'><strong>connt</strong></span> <span class='ocrx_word' id='word_1_121' title='bbox 1003 1774 1061 1837; x_wconf 80' lang='lat' dir='ltr'><strong>ogni</strong></span> 
     </span>
     <span class='ocr_line' id='line_1_18' title="bbox 227 1858 1061 1927; baseline -0.007 -11"><span class='ocrx_word' id='word_1_122' title='bbox 227 1874 287 1915; x_wconf 83' lang='lat' dir='ltr'><strong>snm</strong></span> <span class='ocrx_word' id='word_1_123' title='bbox 313 1861 424 1927; x_wconf 78' lang='lat' dir='ltr'><strong>penisos</strong></span> <span class='ocrx_word' id='word_1_124' title='bbox 453 1864 480 1913; x_wconf 86' lang='lat' dir='ltr'><strong>et</strong></span> <span class='ocrx_word' id='word_1_125' title='bbox 509 1860 641 1912; x_wconf 85' lang='lat' dir='ltr'><strong>intestinis</strong></span> <span class='ocrx_word' id='word_1_126' title='bbox 665 1858 798 1913; x_wconf 79' lang='lat' dir='ltr'><strong>vorabitis.</strong></span> <span class='ocrx_word' id='word_1_127' title='bbox 831 1858 937 1923; x_wconf 71' lang='lat' dir='ltr'><strong>(tired.</strong></span> <span class='ocrx_word' id='word_1_128' title='bbox 960 1859 1004 1924; x_wconf 72' lang='lat'><strong>12,</strong></span> <span class='ocrx_word' id='word_1_129' title='bbox 1024 1858 1061 1921; x_wconf 73' lang='lat'><strong>9.)</strong></span> 
     </span>
     <span class='ocr_line' id='line_1_19' title="bbox 227 1946 1059 2014; baseline -0.005 -10"><span class='ocrx_word' id='word_1_130' title='bbox 227 1952 311 2014; x_wconf 82' lang='lat' dir='ltr'><strong>cenot</strong></span> <span class='ocrx_word' id='word_1_131' title='bbox 327 1951 389 2014; x_wconf 74' lang='lat' dir='ltr'><strong>agni</strong></span> <span class='ocrx_word' id='word_1_132' title='bbox 401 1948 532 2013; x_wconf 70' lang='lat' dir='ltr'><strong>signierit</strong></span> <span class='ocrx_word' id='word_1_133' title='bbox 543 1948 676 2010; x_wconf 69' lang='lat' dir='ltr'><strong>sermon,</strong></span> <span class='ocrx_word' id='word_1_134' title='bbox 697 1946 823 1999; x_wconf 82' lang='lat' dir='ltr'><strong>intestino</strong></span> <span class='ocrx_word' id='word_1_135' title='bbox 835 1948 959 2009; x_wconf 78' lang='lat' dir='ltr'><strong>animam,</strong></span> <span class='ocrx_word' id='word_1_136' title='bbox 981 1949 1059 2011; x_wconf 82' lang='lat' dir='ltr'><strong>pedes</strong></span> 
     </span>
     <span class='ocr_line' id='line_1_20' title="bbox 227 2034 1058 2102; baseline -0.006 -11"><span class='ocrx_word' id='word_1_137' title='bbox 227 2050 346 2102; x_wconf 84' lang='lat' dir='ltr'><strong>enmem3</strong></span> <span class='ocrx_word' id='word_1_138' title='bbox 365 2048 427 2089; x_wconf 85' lang='lat' dir='ltr'><strong>ecee</strong></span> <span class='ocrx_word' id='word_1_139' title='bbox 444 2038 472 2088; x_wconf 90' lang='lat' dir='ltr'><strong>in</strong></span> <span class='ocrx_word' id='word_1_140' title='bbox 489 2036 591 2088; x_wconf 81' lang='lat' dir='ltr'><strong>cirristo</strong></span> <span class='ocrx_word' id='word_1_141' title='bbox 613 2036 690 2099; x_wconf 82' lang='lat' dir='ltr'><strong>Deus,</strong></span> <span class='ocrx_word' id='word_1_142' title='bbox 710 2034 799 2087; x_wconf 82' lang='lat' dir='ltr'><strong>enimn</strong></span> <span class='ocrx_word' id='word_1_143' title='bbox 817 2038 964 2098; x_wconf 78' lang='lat' dir='ltr'><strong>sinemus,</strong></span> <span class='ocrx_word' id='word_1_144' title='bbox 984 2046 1058 2098; x_wconf 81' lang='lat' dir='ltr'><strong>prop·</strong></span> 
     </span>
     <span class='ocr_line' id='line_1_21' title="bbox 226 2119 1059 2188; baseline -0.008 -10"><span class='ocrx_word' id='word_1_145' title='bbox 226 2129 267 2178; x_wconf 85' lang='lat' dir='ltr'><strong>ter</strong></span> <span class='ocrx_word' id='word_1_146' title='bbox 284 2125 353 2188; x_wconf 82' lang='lat' dir='ltr'><strong>nnoti</strong></span> <span class='ocrx_word' id='word_1_147' title='bbox 372 2123 481 2177; x_wconf 78' lang='lat' dir='ltr'><strong>dicitnr:</strong></span> <span class='ocrx_word' id='word_1_148' title='bbox 500 2126 554 2175; x_wconf 76' lang='lat' dir='ltr'><strong>Ave</strong></span> <span class='ocrx_word' id='word_1_149' title='bbox 565 2122 638 2173; x_wconf 80' lang='lat' dir='ltr'><strong>seins</strong></span> <span class='ocrx_word' id='word_1_150' title='bbox 648 2120 747 2184; x_wconf 85' lang='lat' dir='ltr'><strong>mnndi,</strong></span> <span class='ocrx_word' id='word_1_151' title='bbox 762 2120 846 2174; x_wconf 78' lang='lat' dir='ltr'><strong>deitas</strong></span> <span class='ocrx_word' id='word_1_152' title='bbox 858 2119 970 2183; x_wconf 80' lang='lat' dir='ltr'><strong>integro,</strong></span> <span class='ocrx_word' id='word_1_153' title='bbox 985 2132 1059 2173; x_wconf 84' lang='lat' dir='ltr'><strong>verns</strong></span> 
     </span>
     <span class='ocr_line' id='line_1_22' title="bbox 227 2204 1060 2271; baseline -0.005 -9"><span class='ocrx_word' id='word_1_154' title='bbox 227 2211 316 2262; x_wconf 83' lang='lat' dir='ltr'><strong>homo.</strong></span> <span class='ocrx_word' id='word_1_155' title='bbox 353 2210 393 2261; x_wconf 81' lang='lat' dir='ltr'><strong>Er</strong></span> <span class='ocrx_word' id='word_1_156' title='bbox 419 2221 498 2261; x_wconf 83' lang='lat' dir='ltr'><strong>corne</strong></span> <span class='ocrx_word' id='word_1_157' title='bbox 525 2206 672 2259; x_wconf 75' lang='lat' dir='ltr'><strong>sonnino</strong></span> <span class='ocrx_word' id='word_1_158' title='bbox 694 2209 802 2269; x_wconf 77' lang='lat' dir='ltr'><strong>propter</strong></span> <span class='ocrx_word' id='word_1_159' title='bbox 818 2208 907 2259; x_wconf 67' lang='lat' dir='ltr'><strong>tenue</strong></span> <span class='ocrx_word' id='word_1_160' title='bbox 926 2204 1060 2271; x_wconf 67' lang='lat' dir='ltr'><strong>mitris</strong></span> 
     </span>
     <span class='ocr_line' id='line_1_23' title="bbox 227 2292 1060 2357; baseline -0.005 -8"><span class='ocrx_word' id='word_1_161' title='bbox 227 2296 413 2349; x_wconf 75' lang='lat' dir='ltr'><strong>exceltentiam</strong></span> <span class='ocrx_word' id='word_1_162' title='bbox 443 2296 523 2347; x_wconf 80' lang='lat' dir='ltr'><strong>hebet</strong></span> <span class='ocrx_word' id='word_1_163' title='bbox 539 2292 694 2345; x_wconf 82' lang='lat' dir='ltr'><strong>soeriiiotnm</strong></span> <span class='ocrx_word' id='word_1_164' title='bbox 713 2298 830 2345; x_wconf 82' lang='lat' dir='ltr'><strong>nostrum</strong></span> <span class='ocrx_word' id='word_1_165' title='bbox 857 2304 921 2357; x_wconf 78' lang='lat' dir='ltr'><strong>orne</strong></span> <span class='ocrx_word' id='word_1_166' title='bbox 939 2294 1001 2345; x_wconf 88' lang='lat' dir='ltr'><strong>ntiis</strong></span> <span class='ocrx_word' id='word_1_167' title='bbox 1019 2292 1060 2345; x_wconf 90' lang='lat' dir='ltr'><strong>tri·</strong></span> 
     </span>
     <span class='ocr_line' id='line_1_24' title="bbox 227 2380 1060 2449; baseline -0.007 -13"><span class='ocrx_word' id='word_1_168' title='bbox 227 2384 323 2449; x_wconf 81' lang='lat' dir='ltr'><strong>niieem</strong></span> <span class='ocrx_word' id='word_1_169' title='bbox 349 2385 566 2449; x_wconf 71' lang='lat' dir='ltr'><strong>praerogativam.</strong></span> <span class='ocrx_word' id='word_1_170' title='bbox 602 2384 655 2436; x_wconf 76' lang='lat' dir='ltr'><strong>lieo</strong></span> <span class='ocrx_word' id='word_1_171' title='bbox 681 2392 793 2446; x_wconf 85' lang='lat' dir='ltr'><strong>nemque</strong></span> <span class='ocrx_word' id='word_1_172' title='bbox 811 2380 953 2433; x_wconf 85' lang='lat' dir='ltr'><strong>seeundum</strong></span> <span class='ocrx_word' id='word_1_173' title='bbox 973 2392 1003 2431; x_wconf 88' lang='lat' dir='ltr'><strong>se</strong></span> <span class='ocrx_word' id='word_1_174' title='bbox 1021 2390 1060 2431; x_wconf 81' lang='lat' dir='ltr'><strong>no·</strong></span> 
     </span>
     <span class='ocr_line' id='line_1_25' title="bbox 228 2466 1060 2533; baseline -0.006 -10"><span class='ocrx_word' id='word_1_175' title='bbox 228 2473 331 2533; x_wconf 80' lang='lat' dir='ltr'><strong>centnm</strong></span> <span class='ocrx_word' id='word_1_176' title='bbox 350 2473 399 2531; x_wconf 85' lang='lat' dir='ltr'><strong>est,</strong></span> <span class='ocrx_word' id='word_1_177' title='bbox 418 2475 446 2522; x_wconf 91' lang='lat' dir='ltr'><strong>et</strong></span> <span class='ocrx_word' id='word_1_178' title='bbox 462 2470 564 2533; x_wconf 74' lang='lat' dir='ltr'><strong>rogetis</strong></span> <span class='ocrx_word' id='word_1_179' title='bbox 579 2468 763 2530; x_wconf 82' lang='lat' dir='ltr'><strong>reverendum,</strong></span> <span class='ocrx_word' id='word_1_180' title='bbox 782 2467 931 2520; x_wconf 82' lang='lat' dir='ltr'><strong>hominibus</strong></span> <span class='ocrx_word' id='word_1_181' title='bbox 949 2466 1060 2519; x_wconf 81' lang='lat' dir='ltr'><strong>adomn-</strong></span> 
     </span>
     <span class='ocr_line' id='line_1_26' title="bbox 228 2553 1059 2620; baseline -0.007 -11"><span class='ocrx_word' id='word_1_182' title='bbox 228 2557 300 2609; x_wconf 81' lang='lat' dir='ltr'><strong>dnm.</strong></span> <span class='ocrx_word' id='word_1_183' title='bbox 335 2555 450 2608; x_wconf 84' lang='lat' dir='ltr'><strong>Primum</strong></span> <span class='ocrx_word' id='word_1_184' title='bbox 469 2561 510 2609; x_wconf 89' lang='lat' dir='ltr'><strong>est</strong></span> <span class='ocrx_word' id='word_1_185' title='bbox 526 2559 633 2620; x_wconf 75' lang='lat' dir='ltr'><strong>propter</strong></span> <span class='ocrx_word' id='word_1_186' title='bbox 651 2553 764 2607; x_wconf 79' lang='lat' dir='ltr'><strong>animem</strong></span> <span class='ocrx_word' id='word_1_187' title='bbox 779 2553 887 2617; x_wconf 79' lang='lat' dir='ltr'><strong>instem,</strong></span> <span class='ocrx_word' id='word_1_188' title='bbox 916 2554 1059 2606; x_wconf 76' lang='lat' dir='ltr'><strong>secundnm</strong></span> 
     </span>
     <span class='ocr_line' id='line_1_27' title="bbox 228 2638 1060 2707; baseline -0.007 -12"><span class='ocrx_word' id='word_1_189' title='bbox 228 2645 335 2707; x_wconf 77' lang='lat' dir='ltr'><strong>propter</strong></span> <span class='ocrx_word' id='word_1_190' title='bbox 359 2652 464 2694; x_wconf 68' lang='lat' dir='ltr'><strong>amem</strong></span> <span class='ocrx_word' id='word_1_191' title='bbox 482 2644 617 2705; x_wconf 68' lang='lat' dir='ltr'><strong>mnndum,</strong></span> <span class='ocrx_word' id='word_1_192' title='bbox 645 2641 750 2694; x_wconf 89' lang='lat' dir='ltr'><strong>tertium</strong></span> <span class='ocrx_word' id='word_1_193' title='bbox 771 2642 878 2703; x_wconf 77' lang='lat' dir='ltr'><strong>propter</strong></span> <span class='ocrx_word' id='word_1_194' title='bbox 895 2638 1060 2692; x_wconf 73' lang='lat' dir='ltr'><strong>divinitatem</strong></span> 
     </span>
     <span class='ocr_line' id='line_1_28' title="bbox 228 2722 1060 2791; baseline -0.006 -9"><span class='ocrx_word' id='word_1_195' title='bbox 228 2738 365 2782; x_wconf 80' lang='lat' dir='ltr'><strong>snmmnm.</strong></span> <span class='ocrx_word' id='word_1_196' title='bbox 386 2752 420 2761; x_wconf 95' lang='lat'><em>-</em></span> <span class='ocrx_word' id='word_1_197' title='bbox 438 2729 473 2780; x_wconf 82' lang='lat' dir='ltr'><strong>ite</strong></span> <span class='ocrx_word' id='word_1_198' title='bbox 491 2729 576 2791; x_wconf 80' lang='lat' dir='ltr'><strong>primo</strong></span> <span class='ocrx_word' id='word_1_199' title='bbox 593 2728 654 2780; x_wconf 88' lang='lat' dir='ltr'><strong>itini.</strong></span> <span class='ocrx_word' id='word_1_200' title='bbox 675 2728 702 2790; x_wconf 89' lang='lat'><strong>3,</strong></span> <span class='ocrx_word' id='word_1_201' title='bbox 716 2722 757 2778; x_wconf 73' lang='lat' dir='ltr'><strong>t:</strong></span> <span class='ocrx_word' id='word_1_202' title='bbox 777 2724 893 2778; x_wconf 84' lang='lat' dir='ltr'><strong>Pinnebit</strong></span> <span class='ocrx_word' id='word_1_203' title='bbox 910 2726 964 2777; x_wconf 85' lang='lat' dir='ltr'><strong>Deo</strong></span> <span class='ocrx_word' id='word_1_204' title='bbox 983 2726 1060 2778; x_wconf 83' lang='lat' dir='ltr'><strong>secri-</strong></span> 
     </span>
     <span class='ocr_line' id='line_1_29' title="bbox 228 2808 1061 2876; baseline -0.006 -8"><span class='ocrx_word' id='word_1_205' title='bbox 228 2814 315 2868; x_wconf 86' lang='lat' dir='ltr'><strong>iteinm</strong></span> <span class='ocrx_word' id='word_1_206' title='bbox 342 2812 434 2876; x_wconf 79' lang='lat' dir='ltr'><strong>inore,</strong></span> <span class='ocrx_word' id='word_1_207' title='bbox 463 2808 525 2865; x_wconf 82' lang='lat' dir='ltr'><strong>ie.</strong></span> <span class='ocrx_word' id='word_1_208' title='bbox 559 2812 653 2867; x_wconf 79' lang='lat' dir='ltr'><strong>coristi</strong></span> <span class='ocrx_word' id='word_1_209' title='bbox 670 2813 752 2866; x_wconf 85' lang='lat' dir='ltr'><strong>inone</strong></span> <span class='ocrx_word' id='word_1_210' title='bbox 781 2812 861 2876; x_wconf 73' lang='lat' dir='ltr'><strong>regis.</strong></span> <span class='ocrx_word' id='word_1_211' title='bbox 898 2812 1061 2864; x_wconf 82' lang='lat' dir='ltr'><strong>Sneriitcinm</strong></span> 
     </span>
     <span class='ocr_line' id='line_1_30' title="bbox 228 2898 1060 2964; baseline -0.006 -10"><span class='ocrx_word' id='word_1_212' title='bbox 228 2901 294 2959; x_wconf 75' lang='lat' dir='ltr'><strong>insin</strong></span> <span class='ocrx_word' id='word_1_213' title='bbox 311 2899 420 2953; x_wconf 80' lang='lat' dir='ltr'><strong>iiomino</strong></span> <span class='ocrx_word' id='word_1_214' title='bbox 437 2900 532 2961; x_wconf 80' lang='lat' dir='ltr'><strong>nisset,</strong></span> <span class='ocrx_word' id='word_1_215' title='bbox 552 2900 613 2962; x_wconf 79' lang='lat' dir='ltr'><strong>nnio</strong></span> <span class='ocrx_word' id='word_1_216' title='bbox 631 2910 727 2964; x_wconf 83' lang='lat' dir='ltr'><strong>eorpus</strong></span> <span class='ocrx_word' id='word_1_217' title='bbox 744 2898 838 2951; x_wconf 82' lang='lat' dir='ltr'><strong>coristi</strong></span> <span class='ocrx_word' id='word_1_218' title='bbox 856 2898 975 2950; x_wconf 83' lang='lat' dir='ltr'><strong>onintnm</strong></span> <span class='ocrx_word' id='word_1_219' title='bbox 993 2898 1060 2951; x_wconf 82' lang='lat' dir='ltr'><strong>Dens</strong></span> 
     </span>
     <span class='ocr_line' id='line_1_31' title="bbox 228 2982 1061 3051; baseline -0.005 -12"><span class='ocrx_word' id='word_1_220' title='bbox 228 2989 305 3051; x_wconf 77' lang='lat' dir='ltr'><strong>peter</strong></span> <span class='ocrx_word' id='word_1_221' title='bbox 321 2982 458 3048; x_wconf 73' lang='lat' dir='ltr'><strong>inprobet,</strong></span> <span class='ocrx_word' id='word_1_222' title='bbox 477 2984 505 3035; x_wconf 90' lang='lat' dir='ltr'><strong>in</strong></span> <span class='ocrx_word' id='word_1_223' title='bbox 523 2994 575 3047; x_wconf 78' lang='lat' dir='ltr'><strong>qno</strong></span> <span class='ocrx_word' id='word_1_224' title='bbox 591 2996 621 3035; x_wconf 86' lang='lat' dir='ltr'><strong>se</strong></span> <span class='ocrx_word' id='word_1_225' title='bbox 633 2984 747 3038; x_wconf 77' lang='lat' dir='ltr'><strong>menime</strong></span> <span class='ocrx_word' id='word_1_226' title='bbox 759 2985 909 3037; x_wconf 77' lang='lat' dir='ltr'><strong>humiliavit</strong></span> <span class='ocrx_word' id='word_1_227' title='bbox 927 2994 1012 3049; x_wconf 86' lang='lat' dir='ltr'><strong>nsque</strong></span> <span class='ocrx_word' id='word_1_228' title='bbox 1029 2984 1061 3037; x_wconf 83' lang='lat' dir='ltr'><strong>nd</strong></span> 
     </span>
    </p>
   </div>
   <div class='ocr_carea' id='block_1_3' title="bbox 229 3066 1062 3224">
    <p class='ocr_par' dir='ltr' id='par_1_4' title="bbox 229 3066 1062 3224">
     <span class='ocr_line' id='line_1_32' title="bbox 229 3066 1062 3135; baseline -0.001 -12"><span class='ocrx_word' id='word_1_229' title='bbox 229 3073 339 3124; x_wconf 88' lang='lat' dir='ltr'><strong>mortem</strong></span> <span class='ocrx_word' id='word_1_230' title='bbox 356 3067 425 3122; x_wconf 81' lang='lat' dir='ltr'><strong>Petri</strong></span> <span class='ocrx_word' id='word_1_231' title='bbox 451 3066 614 3132; x_wconf 79' lang='lat' dir='ltr'><strong>obediendo,</strong></span> <span class='ocrx_word' id='word_1_232' title='bbox 646 3071 678 3125; x_wconf 80' lang='lat' dir='ltr'><strong>tie</strong></span> <span class='ocrx_word' id='word_1_233' title='bbox 708 3070 812 3124; x_wconf 79' lang='lat' dir='ltr'><strong>distein</strong></span> <span class='ocrx_word' id='word_1_234' title='bbox 830 3071 1018 3135; x_wconf 74' lang='lat' dir='ltr'><strong>triumphando</strong></span> <span class='ocrx_word' id='word_1_235' title='bbox 1037 3074 1062 3122; x_wconf 92' lang='lat' dir='ltr'><strong>et</strong></span> 
     </span>
     <span class='ocr_line' id='line_1_33' title="bbox 229 3154 1062 3224; baseline 0.001 -16"><span class='ocrx_word' id='word_1_236' title='bbox 229 3166 313 3220; x_wconf 68' lang='lat' dir='ltr'><strong>genus</strong></span> <span class='ocrx_word' id='word_1_237' title='bbox 341 3157 484 3208; x_wconf 77' lang='lat' dir='ltr'><strong>homonem</strong></span> <span class='ocrx_word' id='word_1_238' title='bbox 512 3155 673 3209; x_wconf 81' lang='lat' dir='ltr'><strong>redimendo.</strong></span> <span class='ocrx_word' id='word_1_239' title='bbox 709 3158 837 3213; x_wconf 77' lang='lat' dir='ltr'><strong>cilicet.</strong></span> <span class='ocrx_word' id='word_1_240' title='bbox 862 3154 953 3224; x_wconf 81' lang='lat'><strong>35,8.</strong></span> <span class='ocrx_word' id='word_1_241' title='bbox 974 3158 1062 3211; x_wconf 85' lang='lat' dir='ltr'><strong>-ite</strong></span> 
     </span>
    </p>
   </div>
   <div class='ocr_carea' id='block_1_4' title="bbox 0 0 1202 3759">
    <p class='ocr_par' dir='ltr' id='par_1_5' title="bbox 0 0 1202 3759">
     <span class='ocr_line' id='line_1_34' title="bbox 0 0 1202 3759; baseline 0 0"><span class='ocrx_word' id='word_1_242' title='bbox 0 0 1202 3759; x_wconf 95' lang='lat' dir='ltr'><strong> </strong></span> 
     </span>
    </p>
   </div>
  </div>
 </body>
</html>
