2384 3759
614 356 650 409 68

215 496 331 549 amicitia
348 495 458 556 cameli,
477 506 542 559 prae
553 494 649 559 quibus
661 506 713 547 nou
725 498 811 559 polest
822 494 890 547 dona
902 495 1052 557 spiritualia

213 582 367 645 percipere:
393 585 439 633 aut
459 594 519 633 eum
544 581 643 644 gratias
664 586 802 644 perceptas
823 592 982 633 conservare
1000 595 1052 635 non

213 673 303 721 eurat:
322 671 369 720 aut
385 669 498 720 eollatas
514 666 700 730 multiplicare,
718 670 765 717 aut
781 667 819 718 eis
835 666 888 719 irui
905 668 1051 721 secuudum

214 754 408 806 ordinationem
427 754 474 806 liei
496 766 545 818 pro
567 754 682 805 utilitate
704 752 833 804 communi
856 764 908 805 uon
932 754 1049 807 laborat:

213 842 260 893 aui
277 840 382 905 quando
400 850 459 892 eum
476 838 629 891 munenibus
646 840 726 891 alteo
737 837 875 901 pereeptis,
896 837 923 888 in
941 849 1052 901 eorpore

212 926 287 977 etin
305 925 402 987 anima,
423 928 451 977 et
468 925 495 976 in
513 922 613 976 viribus
625 923 738 987 animae,
758 922 841 986 ipsum
854 924 935 975 beum
949 922 1052 986 impug-

212 1022 278 1063 nare
295 1022 349 1063 non
360 1013 455 1072 eessat,
473 1009 551 1070 slent,
570 1008 632 1070 beu,
652 1006 803 1071 trequenter
813 1007 951 1071 contingit.
982 1010 1051 1060 Tune

212 1096 285 1148 enim
303 1095 392 1147 omnia
410 1096 528 1146 meretur
551 1092 685 1154 amittere,
708 1102 767 1143 oum
790 1092 828 1145 eis
850 1093 934 1145 utitur
961 1096 1051 1145 ronna

211 1182 372 1245 largitorem.

475 1530 632 1604 CAPUT
652 1531 786 1599 XXVI.

380 1688 578 1747 lisseio
608 1688 879 1744 aninuarm.

280 1863 307 1918 1.
327 1865 405 1917 zelus
422 1862 567 1916 aubuamm
586 1874 664 1916 rems
682 1867 709 1915 ei
725 1862 856 1926 perieeius
873 1864 921 1924 est,
943 1862 1049 1926 quando

211 1952 309 2016 alianis
330 1950 428 2003 sanatis
445 1950 658 2002 meditationibus
676 1952 704 2001 et
721 1948 881 2002 terrentibus
898 1948 1047 2012 desideriis,

209 2036 333 2099 lacrimis,
352 2035 514 2089 orationibus
530 2036 638 2099 vigiliis,
659 2034 773 2099 ieiuniis,
792 2034 1044 2099 praedicationibus,

208 2121 424 2186 confessionibus,
435 2121 559 2184 eonsilils,
572 2120 708 2183 doctrinis,
721 2124 800 2187 atque
808 2121 867 2173 allis
876 2120 952 2173 bonis
960 2120 1046 2184 operi·

210 2210 259 2260 bus
266 2218 315 2271 pro
323 2208 554 2259 saluteanlmarum
565 2206 675 2259 laborat.
688 2207 787 2269 Quanta
795 2211 882 2259 autem
891 2206 1045 2270 baeograiia

208 2292 252 2355 sit,
271 2292 311 2344 sie
326 2290 397 2343 Beda
415 2291 553 2344 dmmibit:
578 2293 710 2355 Quaenam
737 2291 822 2355 gralia
844 2292 995 2357 sublimior,
1020 2294 1046 2343 et

208 2380 262 2433 beo
279 2377 379 2442 gratim
396 2379 560 2431 conuersatio
577 2390 636 2431 esse
653 2380 755 2442 potest,
778 2388 855 2441 quam
872 2388 978 2439 eorum,
1001 2376 1045 2442 qui

208 2463 361 2529 quotidiano
385 2464 510 2516 exercitio
529 2464 595 2515 alios
619 2463 652 2515 ad
671 2462 785 2515 anamais
801 2462 842 2514 sui
860 2462 971 2526 gratiam
991 2466 1045 2514 stu·

208 2551 273 2603 deni
289 2554 453 2611 convertere,
473 2554 499 2602 et
516 2548 607 2601 erebra
625 2548 771 2601 animarum
795 2548 911 2600 bdelium
931 2548 1043 2612 aequisi-

206 2637 279 2690 tlone
297 2635 420 2700 gaudium
449 2636 570 2689 eoelestis
595 2636 696 2699 patriae
714 2646 818 2699 semper
835 2628 951 2697 augere?
979 2634 1042 2687 lieu

206 2723 235 2777 b.
264 2721 404 2787 Gregorius
430 2720 507 2773 dleit:
535 2722 641 2774 Nullum
668 2720 763 2785 quippe
790 2718 963 2783 omnipotenti
990 2718 1042 2772 lieo

208 2809 261 2862 tale
279 2811 320 2860 est
336 2805 504 2867 mendcium,
523 2808 601 2870 quale
619 2809 660 2859 est
672 2807 743 2858 zelus
756 2804 908 2858 animarum.
944 2806 976 2858 lit
993 2806 1043 2858 boa

207 2896 314 2958 propter
332 2891 473 2956 imaginem
492 2891 625 2944 Trinitatis
643 2893 781 2945 animabus
800 2893 963 2955 impressam.

275 2975 303 3030 2.
324 2978 361 3031 ld
380 2978 465 3029 zelum
484 2975 630 3029 animamm
653 2977 777 3029 lndueere
798 2988 845 3029 nos
857 2977 936 3030 debet
952 2988 1042 3030 exem·

206 3067 280 3127 plum
296 3066 359 3119 lesu
378 3064 482 3125 cbristi,
503 3060 547 3126 qui
570 3062 597 3113 in
619 3064 689 3115 omni
708 3064 762 3116 viia
780 3074 828 3115 sua
846 3068 918 3116 tanto
937 3064 1043 3117 iervore

207 3150 405 3203 ooureralouem
432 3151 613 3212 peecatorum,
646 3152 673 3200 et
698 3149 885 3212 perlectionem
913 3151 1041 3203 bonorum
