2384 3759
516 334 593 418 'or

151 504 281 569 spiritum
301 507 422 557 mactum
440 502 580 565 revelavit,
607 505 636 555 nt
655 502 708 557 iiod
726 502 758 555 de
776 502 898 567 (illuvio,
917 504 999 559 Abra·

152 592 215 643 iram
233 589 270 642 de
287 589 461 642 subversione
479 589 669 649 sodomorum,
697 590 826 643 ieremiae
853 590 885 643 de
910 594 997 644 trans·

152 676 316 740 migratione
332 674 490 729 iudaeorum
509 681 535 729 et
557 674 723 739 captivitate,
746 676 842 739 iosepir
871 676 902 727 de
925 676 998 729 lama

153 760 276 827 Aegypti,
297 759 401 812 iianieil
419 759 453 812 de
470 762 557 813 statua
574 760 827 823 Nabuchodonosor,
851 765 878 812 et
901 763 939 813 sic
964 762 998 814 de

152 847 214 899 allis
233 844 394 898 i’atrlarcirls
412 848 440 897 et
457 844 600 909 Prophetis,
620 846 713 911 nnions
731 846 784 897 aila
802 851 903 899 secreta
921 858 997 901 reve·

153 933 233 994 iavit,
253 936 285 985 nt
302 929 435 983 Ezechieli
453 928 568 982 visiones
586 930 712 983 diversas.
744 928 816 982 Unde
829 934 920 983 limos:
941 930 997 984 iton

153 1019 237 1072 faciet
254 1016 382 1070 nominos
399 1016 467 1069 dens
485 1015 602 1078 veritum,
623 1015 673 1067 nisi
692 1016 850 1069 revelaverit
867 1022 997 1069 secretum

154 1115 233 1155 snam
253 1102 289 1154 ad
307 1112 397 1154 servos
415 1113 476 1153 snos
488 1101 639 1165 Propiretas.
659 1103 756 1164 (Amos
768 1096 793 1164 3,
808 1096 848 1163 i.)
867 1103 999 1167 Apostorrs

155 1200 220 1241 vero
240 1199 290 1251 per
306 1186 471 1251 unigenitum
489 1186 581 1240 iillum
609 1198 683 1239 snum
706 1198 809 1241 omnem
834 1190 997 1243 volontatem

154 1286 241 1330 snam.
262 1278 291 1325 et
308 1282 411 1324 omnem
430 1272 616 1336 perfectionem
635 1272 775 1335 indicavit,
796 1274 863 1327 sicut
882 1274 938 1339 ipse
957 1274 997 1328 di·

154 1362 205 1414 cit:
226 1358 330 1419 omnia,
349 1368 518 1422 qnaecnngne
535 1357 624 1409 andivi
643 1370 657 1409 a
676 1358 751 1409 Patre
769 1367 841 1423 meo,
862 1366 923 1413 nota
943 1360 994 1413 ieci

155 1446 246 1507 vonis;
276 1442 374 1507 (donn.
400 1439 446 1505 15,
471 1440 524 1507 15.)
543 1448 572 1495 nt
590 1448 617 1496 et
636 1444 684 1509 ipsi
703 1446 813 1508 posteris
832 1446 885 1499 sols
905 1448 996 1499 eadem

155 1532 323 1592 revelarent;
344 1529 413 1593 quod
432 1532 458 1581 et
474 1528 587 1582 lideiiter
605 1530 730 1582 lecerunt.
768 1530 831 1583 iiam
845 1531 872 1583 ln
891 1544 995 1585 ornnem

154 1622 256 1670 terram
275 1615 360 1669 exivit
376 1628 456 1668 sonus
481 1627 588 1679 eornm,
618 1618 645 1667 et
671 1616 696 1667 in
724 1614 788 1669 does
815 1616 884 1669 orbis
911 1621 998 1669 torrae

154 1703 239 1756 verita
259 1712 358 1753 eornm.
395 1698 450 1764 (Pa.
473 1700 516 1763 18,
533 1698 575 1763 5.)
611 1700 663 1753 sed
682 1700 751 1753 inter
774 1700 841 1753 aiios
859 1700 999 1762 Apostolos

153 1789 182 1842 ii.
202 1786 302 1841 ioanni
319 1787 510 1851 evangelistae,
529 1791 556 1840 et
572 1786 601 1838 it.
622 1786 703 1839 Panlo
725 1784 900 1838 occultissimo
920 1796 996 1836 reve·

154 1874 225 1926 iavit
243 1876 271 1923 et
286 1872 422 1924 indicavit.
456 1874 529 1926 inter
554 1872 607 1925 aila
622 1872 759 1945 ,patefecit
777 1870 814 1923 eis
837 1876 896 1923 octo
915 1870 998 1923 beati·

155 1959 279 2019 tndines,
299 1958 404 2011 dicens:
432 1958 506 2011 iteatl
523 1970 653 2023 panperes
671 1958 779 2023 spiritu,
805 1956 926 2021 qnoniam
946 1962 996 2011 ete.

153 2046 232 2098 Beati
259 2043 352 2106 mites,
381 2044 504 2109 qnoniam
527 2050 576 2097 etc.
614 2046 684 2107 onae
712 2042 887 2096 beatitudines
914 2042 941 2093 in
968 2054 999 2094 se

154 2142 282 2195 magnam
315 2129 448 2182 continent
480 2131 690 2195 perfectionem,
728 2130 923 2194 perfectamque
950 2128 997 2194 lici

154 2218 324 2270 voluntatem
341 2214 467 2267 indicant.

228 2300 254 2354 2.
274 2301 501 2356 iiliiernntantem
513 2302 708 2366 contemplatio,
729 2300 864 2355 meditatio
882 2308 909 2356 et
926 2302 997 2368 eogi-

155 2388 235 2441 tatto.
282 2387 346 2440 iiam
374 2386 401 2438 ln
428 2387 588 2451 cogitatione
615 2387 710 2439 mentis
738 2392 777 2438 est
803 2388 939 2452 evagatio:
968 2389 996 2441 ln

156 2472 332 2527 meditatione
362 2472 548 2537 investigatio:
580 2472 609 2525 ln
636 2472 873 2537 contemplationne
899 2474 997 2527 mentis

155 2557 309 2613 admiratio.
344 2559 472 2623 cogitatio
490 2558 605 2611 estsine
624 2556 728 2621 iaitore,
757 2562 784 2610 et
809 2558 866 2612 sine
893 2560 994 2613 macto:

155 2644 299 2698 meditatio
316 2650 356 2697 est
377 2654 436 2697 cnm
456 2644 546 2697 latore
567 2648 595 2697 et
617 2643 720 2697 murm:
747 2646 933 2710 contemplatio
955 2650 997 2699 est

154 2732 217 2783 sine
237 2729 335 2793 latore,
355 2732 383 2782 et
399 2740 458 2782 cnm
477 2730 571 2783 imctn.
802 2720 804 2723 ’

229 2812 257 2866 it.
276 2816 313 2869 Ad
337 2816 582 2879 contemplationem
600 2816 646 2869 iiei
672 2816 797 2871 inducere
824 2828 871 2869 nos
899 2815 998 2867 debent

155 2906 213 2954 tres
231 2900 348 2963 gratim,
377 2902 409 2953 de
427 2900 521 2965 onibus
539 2904 568 2955 ii.
588 2903 734 2968 Gregorius.
772 2904 873 2957 l’rlrnns
892 2906 947 2962 est,
966 2905 997 2953 nt

155 3000 188 3041 se
206 2988 325 3048 (scilicet
341 2987 441 3046 animai
460 2987 494 3040 ad
506 2999 535 3040 se
547 2988 662 3053 colligat.
692 2990 836 3049 secundus,
856 2991 885 3038 nt
898 2984 995 3045 videat,

156 3073 246 3138 quatis
264 3072 299 3125 sit
316 3074 447 3125 collecta·
474 3073 591 3135 Tertius,
619 3078 649 3126 ut
666 3086 746 3137 snper
762 3070 946 3131 semetipsam,
965 3082 998 3122 ac

155 3170 188 3213 sc
206 3160 421 3223 contemplationi
449 3159 561 3211 auctoris
585 3158 727 3211 invisibilis
749 3150 910 3205 intendendo
935 3154 999 3203 sniv-
