2384 3759
129 589 188 631 cera
205 588 255 628 sua
274 576 306 628 eir
324 587 366 640 eo,
386 575 516 640 quomodo
533 577 629 629 caritas
647 577 692 630 liei
710 583 799 632 manet
817 580 844 632 in
863 582 911 634 eoi
929 605 964 618 -·-

128 665 164 718 lie
182 663 263 716 tertio
281 662 379 715 dicium
390 663 466 714 Num.
479 658 522 714 11.
543 666 571 715 et
581 662 707 726 figuntur
723 665 750 716 in
762 667 861 728 populo
872 667 963 731 lsrael,

129 749 172 816 qui
192 750 221 802 in
239 750 338 813 lignulo
357 748 480 802 cornibus
497 761 557 801 cum
570 749 633 802 allio
652 761 679 803 et
690 752 761 814 cepis
779 753 889 806 satiatus
907 753 964 806 iue·

128 840 170 890 rat
195 837 301 900 etpost
324 835 353 887 in
371 835 478 889 deserto
505 836 570 888 talia
587 835 774 900 concupiscens
791 849 886 900 paoem
904 850 964 892 eoe-

127 922 233 984 lestom,
251 934 288 974 sc
307 933 403 973 manna
421 919 601 974 dulcissimum
620 933 679 974 cum
697 933 796 974 nausea
813 924 962 986 respuebat

127 1008 147 1060 l.
160 1009 219 1060 cor.
237 1003 263 1070 l,
277 1004 320 1059 4.:
339 1005 467 1060 Animalis
485 1009 564 1060 homo
576 1019 629 1060 non
641 1009 753 1072 percidit
765 1020 805 1073 ea,
824 1021 891 1074 quae
903 1011 964 1064 sunt

127 1091 182 1144 liei.
221 1095 301 1155 liugn
320 1092 447 1144 Animalis
464 1091 560 1146 dicitur
577 1094 691 1147 cernatis
709 1095 801 1159 homo,
821 1095 864 1160 uui
881 1096 964 1150 tortor

128 1179 257 1232 dissoluta
275 1179 385 1232 lascivio
402 1179 504 1232 animae
522 1191 595 1232 snae.
609 1205 642 1216 -
655 1182 690 1234 ile
702 1185 793 1246 quarto
812 1181 866 1236 (iel.
879 1177 906 1247 3,
918 1177 963 1236 3,:

127 1267 172 1320 Sic
188 1266 264 1319 stulti
281 1267 346 1320 docti
364 1266 436 1330 estis,
465 1269 503 1329 ot,
532 1277 591 1318 oum
615 1267 709 1330 spiritu
722 1268 874 1332 coeperitis,
894 1280 964 1325 nuno

128 1365 210 1406 carne
237 1353 464 1406 consummamini.
502 1353 575 1405 cant
593 1353 618 1416 i,
638 1351 695 1408 12:
722 1357 799 1409 Mune
826 1367 964 1421 surgamus

128 1442 154 1492 ει
172 1438 319 1502 uideamus,
337 1438 360 1490 sl
372 1436 491 1492 iloruerit
501 1439 588 1492 uinea.
619 1441 707 1494 Flores
719 1441 831 1496 fructum
848 1442 963 1506 oemunt.

129 1526 228 1580 illusa-z
249 1525 307 1578 lien
319 1529 360 1577 est
371 1523 536 1588 intuendum,
555 1524 578 1577 si
589 1525 668 1578 uinea
681 1527 764 1591 iloret,
782 1528 829 1580 sed
846 1530 869 1582 si
887 1530 964 1583 tiores

127 1612 160 1664 ad
187 1612 292 1675 partum
317 1611 450 1665 fructuum
477 1613 678 1676 convalescunt3
709 1613 770 1676 onia
791 1625 828 1665 so.
853 1619 965 1668 nonest

127 1698 234 1760 mirum,
262 1697 286 1748 si
304 1698 362 1763 quis
379 1697 447 1752 oona
465 1698 584 1762 inchoat,
613 1698 660 1750 sed
679 1699 756 1750 valde
774 1699 895 1752 mirabile
913 1702 962 1764 est,

126 1783 148 1835 si
165 1783 314 1837 intentione
331 1784 400 1837 bona
418 1783 532 1838 inbono
549 1797 628 1849 onere
645 1789 804 1849 removerat.

198 1870 294 1923 contra
312 1871 377 1923 neec
395 1876 505 1936 quatuor
522 1874 593 1924 mala
615 1871 769 1926 ordinantur
794 1877 906 1938 quatuor
922 1885 964 1926 se·

126 1955 208 2010 cundi
234 1957 335 2010 iunctm
358 1959 475 2022 corporis
491 1958 608 2022 Domini,
637 1957 680 2022 oui
707 1969 755 2010 nos
773 1958 816 2012 hic
833 1960 861 2012 in
879 1961 964 2024 gratia

125 2043 278 2109 uerticiuut.
307 2045 471 2098 intellectum
490 2045 561 2097 enirn
579 2045 613 2098 od
631 2057 660 2098 se
675 2047 884 2110 cognoscendum
903 2050 963 2100 illu·

124 2131 220 2192 minat,
249 2129 410 2183 voluntatem
438 2131 496 2183 sive
514 2131 637 2185 allectum
656 2131 684 2184 in
703 2132 843 2185 dilectione
862 2134 963 2189 initum·

124 2220 194 2280 mat,
225 2217 376 2270 memoriam
402 2217 535 2281 spirituaii
562 2217 703 2272 dulcedine
722 2217 849 2282 delectat,
878 2222 962 2274 totum

125 2303 260 2358 nominem
282 2302 315 2354 in
341 2304 411 2356 bono
428 2303 572 2358 coufirmat.
594 2304 682 2356 -ile
704 2304 789 2367 primo
816 2304 903 2356 imctu
919 2306 961 2360 Ps.

125 2387 227 2454 itii:
248 2388 372 2442 Dominus
389 2389 550 2445 illuminatio
572 2403 644 2444 mea:
668 2392 708 2443 Ps.
723 2387 767 2453 33,
780 2386 826 2454 5.;
846 2390 962 2446 accedite
1049 2414 1051 2417 ·

124 2479 158 2531 ad
177 2490 240 2532 eum
259 2480 286 2529 et
303 2477 490 2532 illuminamini
517 2491 553 2532 sc.
573 2479 608 2531 ad
626 2479 801 2543 cognitionem
818 2479 907 2532 vestri.
927 2505 962 2518 -

125 2566 161 2619 lie
179 2564 298 2618 seeundo
315 2566 402 2618 iructu
420 2565 516 2619 dicitur
542 2567 575 2618 ls.
589 2563 616 2630 6,
630 2564 667 2628 6.,
687 2563 755 2628 quod
774 2565 884 2629 angelos
901 2566 963 2620 tulit

124 2654 258 2706 calculum
286 2652 320 2705 de
346 2652 423 2706 altari
450 2658 477 2706 et
502 2651 589 2717 tetigit
606 2664 634 2705 os
652 2651 745 2705 isaiae.
783 2653 905 2706 calculus
923 2656 964 2706 est
1032 2643 1038 2652 ’

123 2738 312 2800 renunculos,
331 2739 369 2792 sic
382 2738 475 2803 dietus,
494 2739 555 2804 quia
573 2739 671 2802 ignitus
688 2743 719 2792 ut
731 2737 818 2804 carto,
837 2741 864 2791 et
881 2741 962 2803 signi·

122 2827 186 2880 licat
213 2838 309 2890 eorpus
325 2826 428 2880 domim
454 2827 488 2879 de
515 2825 592 2880 altmi
619 2829 732 2880 sumtum
751 2827 777 2878 et
795 2825 904 2878 ueritate
922 2825 962 2878 in·

123 2915 299 2975 flammatum,
318 2914 363 2978 qni
381 2913 502 2966 accendit
518 2923 608 2965 amore
631 2913 708 2966 corda
726 2911 853 2969 uterium.
873 2937 907 2950 -
925 2912 978 2964 lle¹

121 3000 284 3063 tertiocant‚
297 2998 324 3064 2,
337 2997 639 3064 immunitatium,
652 3010 728 3064 quem
741 2999 959 3064 desideraveram,

121 3088 190 3140 sedi.
230 3088 315 3140 Primo
334 3087 421 3142 idelis
439 3089 527 3142 anima
553 3088 682 3140 Christum
701 3087 839 3150 desiderat,
860 3088 962 3140 aestuat

120 3175 220 3241 spiritu
237 3178 266 3227 et
282 3173 347 3228 sitit
382 3175 502 3229 Secundo
519 3175 639 3228 umbram
658 3174 779 3228 desiderii
797 3176 825 3228 in
842 3185 889 3239 spe
907 3175 962 3228 iru-

120 3267 195 3317 ctum
224 3259 360 3315 obtinendi
389 3264 478 3317 sentit.
513 3263 600 3318 Tertio
616 3260 700 3324 sedet,
729 3264 874 3327 exspectet,
894 3265 960 3326 orat,
