2384 3759
529 320 580 377 ubi

137 466 222 517 terum
250 467 379 527 puautum
405 461 440 515 ad
466 472 579 525 peenarn
606 462 785 525 supradictam
803 467 830 517 et
847 469 973 529 11111111

137 550 172 600 ad
200 548 307 611 culpem
337 547 442 601 enimc
460 546 594 600 valebant.
631 549 668 601 iix
695 548 817 613 operibus
836 550 902 615 iupis
920 562 973 605 111

132 632 322 697 justificabitur
351 634 429 684 berne
447 630 499 683 uisi
525 644 572 697 per
590 632 668 687 ddeur
690 634 753 687 iesu
770 635 874 689 cbristi.
894 639 971 701 (ded.

136 718 164 781 2,
184 714 245 779 16.)
280 718 343 773 ride
369 718 510 781 plurimam
527 718 640 776 bestiam
659 720 724 773 Abel
748 732 826 785 quem
845 722 909 776 criu
927 723 973 793 eb·

136 807 200 859 tuiit
216 804 326 858 bemiue
344 802 439 867 (debr.
460 800 504 868 11,
522 801 579 866 4.):
610 806 752 869 plurimam
771 806 789 857 i.
810 818 834 862 e.
854 813 973 871 accepte·

136 893 259 945 bilibrem
276 895 306 944 et
322 892 384 955 pius
400 888 451 942 sibi
465 890 606 944 uaieutcm.
638 892 774 945 intellexit
792 891 863 945 enirn
880 896 907 945 et
918 905 974 947 cre·

137 977 206 1031 didit
232 978 259 1029 iu
288 988 371 1043 erue,
400 986 477 1041 quern
495 977 548 1029 bec
566 974 677 1039 obtulit,
706 976 818 1031 bestiam
836 978 973 1031 meliorem

136 1066 155 1117 i.
175 1075 200 1116 e.
220 1063 403 1124 satiaturus,
434 1062 503 1125 qued
529 1070 582 1114 neu
602 1060 666 1113 Cain
693 1064 721 1113 et
747 1062 845 1115 caeteri
862 1062 973 1127 iudipni.

135 1148 264 1214 Respexit
281 1147 404 1200 beurinus
422 1146 456 1202 ed
475 1147 539 1199 Abel
570 1151 598 1200 ct
624 1147 657 1201 ad
675 1159 785 1201 munera
803 1148 867 1215 etus.
887 1147 971 1214 (den.

206 1318 313 1373 Tertie:
341 1326 420 1369 causa
448 1316 620 1377 institutionis
644 1319 768 1383 regaliam
786 1320 973 1377 secribcinrunr

137 1412 178 1461 est
194 1402 365 1467 assignanda.
403 1403 468 1454 cum
497 1404 567 1455 enirn
596 1404 683 1457 ebed
709 1404 829 1459 institute
846 1407 909 1471 sint,
929 1410 973 1473 qui

136 1492 204 1549 nibii
223 1492 282 1543 siue
301 1498 381 1539 cruca
399 1487 462 1539 iecit
480 1492 507 1540 et
525 1493 614 1541 temen
632 1491 759 1543 mutende
778 1498 862 1555 erent,
882 1493 974 1558 quaeri

136 1581 227 1643 petest
253 1588 333 1629 cause
351 1574 514 1627 insitutienis
532 1586 632 1627 eorum.
669 1576 708 1629 Ad
735 1578 783 1629 bec
801 1577 917 1631 breviter
935 1578 974 1630 di·

137 1666 264 1726 cendum,
283 1660 434 1726 quodlicet
451 1671 544 1723 perse
562 1672 617 1712 nen
635 1661 774 1715 valuerunt
791 1663 824 1715 ed
842 1662 974 1715 remissie·

136 1764 199 1805 nem
211 1750 318 1813 culpae,
337 1751 425 1799 temen
436 1746 633 1800 muitumntiiie
651 1746 757 1821 fuerunt
775 1748 811 1802 ad
828 1746 974 1802 ductricem

136 1835 295 1901 sapientiae.
333 1832 398 1885 bete
422 1837 484 1885 suut
497 1831 608 1896 'quippe
635 1832 721 1885 seruis
740 1833 774 1885 ed
795 1838 899 1898 tempus
918 1838 974 1889 tau·

137 1935 219 1989 quarn
236 1920 314 1983 signa
330 1931 417 1973 rerum
430 1918 570 1971 meiierurn
583 1922 611 1971 et
622 1920 695 1985 quasi
714 1921 832 1985 parvulis
851 1925 974 1986 11111111

137 2011 307 2064 characteres
325 2004 459 2066 librorum,
480 2004 508 2055 iu
526 2015 637 2069 1111111
655 2004 857 2069 proprietatibus
876 2011 903 2059 et
920 2018 974 2059 ure·

137 2097 211 2149 duiis
228 2090 356 2146 efferendi
373 2090 530 2155 proicerent
552 2089 580 2141 in
603 2090 741 2153 disciplina
760 2104 839 2145 verae
856 2092 927 2155 fidei,
947 2097 976 2145 ut

137 2184 237 2247 adepte
256 2190 319 2233 veru
335 2177 454 2241 scientia,
473 2174 616 2229 dedcerent
633 2177 765 2229 clemente
783 2183 810 2233 et
826 2179 976 2233 celieteve·
1022 2238 1028 2245 ,

136 2272 228 2330 ritate,
248 2268 381 2317 cessarent
406 2263 514 2317 umbrae
536 2267 564 2315 et
580 2260 665 2325 signe.
703 2264 795 2317 Punite
818 2266 899 2317 verbu
917 2276 976 2317 inea

136 2357 167 2411 iu
186 2351 309 2407 cordibus
327 2352 423 2403 restris
441 2353 468 2401 ei
484 2347 638 2412 suspendite
658 2360 704 2411 pru
716 2348 792 2413 signe
810 2351 837 2403 in
855 2350 976 2403 manibus
1002 2354 1009 2370 ‘

138 2447 167 2495 et
193 2412 302 2493 scribite
321 2449 352 2489 ee
378 2436 405 2489 in
422 2435 540 2499 pestibus
569 2438 598 2486 et
616 2433 714 2497 lenuis.
740 2433 837 2499 (Dect.
857 2433 901 2501 11,
921 2432 977 2501 18.)

137 2526 235 2583 Punite
261 2525 290 2577 lu
319 2522 441 2576 cordibus
469 2520 568 2585 iepulia
594 2533 631 2573 sc.
660 2526 785 2585 euentum
804 2523 837 2575 cd
855 2524 974 2589 mereliu,

138 2624 210 2679 quse
226 2621 331 2673 semper
347 2613 410 2663 suut
425 2608 571 2670 servanda;
599 2607 751 2671 suspendite
777 2620 810 2661 ee
836 2622 883 2673 pre
901 2611 976 2674 sipue

137 2700 168 2753 iu
195 2696 334 2759 inanibus,
361 2700 487 2761 quantun
513 2694 547 2746 ed
572 2694 724 2747 manufacta
750 2694 929 2759 tabernacula,
950 2700 977 2749 ct

138 2783 309 2849 huiusmodi,
338 2794 405 2847 quae
429 2793 475 2846 pre
494 2785 611 2845 tempure
629 2784 692 2833 suut
708 2783 837 2844 teilenda;
869 2780 976 2835 scribite

138 2872 169 2923 iu
188 2868 307 2933 pestibus
324 2872 351 2920 et
363 2867 454 2930 januis
471 2867 598 2920 sncridcie
617 2880 653 2921 sc.
672 2880 735 2921 eves
754 2871 782 2921 et
799 2869 883 2920 boves
901 2866 976 2930 quest

138 2954 424 3017 increpandorum,
443 2952 470 3005 in
488 2953 582 3018 quibus
594 2956 679 3009 multe
697 2956 768 3009 bcua
785 2958 847 3006 sunt
864 2952 976 3004 dicende

139 3048 170 3096 et
186 3041 329 3108 praecipue
358 3053 394 3092 se.
414 3039 480 3092 ddes
498 3040 652 3094 salvatoris.
689 3042 780 3094 Ferure
799 3039 832 3091 de
848 3036 974 3101 moribus,

139 3140 203 3195 spes
230 3127 265 3183 de
282 3126 449 3180 coelestibus.
487 3126 600 3179 Prinnuru
618 3128 740 3189 peterent
761 3126 861 3176 discere
884 3121 916 3173 de
935 3135 977 3175 sa·
