2384 3759
551 318 602 372 211

156 459 247 522 urbo,
266 459 297 510 ut
314 456 483 521 oscitantis
500 457 673 522 spiritualiter
689 460 794 517 bibitur.
823 464 907 518 Primo
917 466 994 520 modo

155 543 339 598 coumdemtus
365 542 398 594 ab
424 542 612 597 inaestimabili
634 545 763 610 dignitate
787 552 990 606 commendatur.

157 632 307 686 circabanc
315 629 503 696 pretiositatem
513 634 626 694 uoatnor
635 633 890 697 praecipuepossunt
898 639 992 692 notari.

226 717 342 770 Primum
370 719 411 768 est
436 715 607 780 pretiositatis
624 729 735 782 magnae
762 719 880 783 probatio
899 726 926 776 et
943 725 993 778 boc

155 801 316 866 probatura
333 802 430 855 tribus:
461 803 618 868 uvirgiuali
637 805 751 870 origine,
772 819 787 858 a
807 806 934 872 dignitate
953 809 993 862 in·

154 890 306 950 nocentiae,
336 890 415 944 abei
442 890 548 943 unione.
569 892 657 944 —be
679 893 762 956 primo
780 893 849 946 Ecol.
871 890 914 959 24,
929 892 989 948 23.:

155 976 209 1039 ipo
237 975 314 1040 uuasi
341 974 402 1026 ritis
428 974 594 1040 tructiilcaui,
627 976 727 1031 tructus
755 978 815 1032 vitis
840 981 992 1034 sebeniae

155 1060 280 1126 Virginis,
300 1071 352 1114 ura
369 1062 396 1112 et
413 1059 503 1113 vinum
520 1061 539 1112 i.
560 1073 584 1113 e.
605 1073 698 1126 eorpus
716 1063 811 1120 cbristi
830 1069 857 1118 et
873 1067 989 1131 sanguia.

155 1147 251 1199 Vinum
278 1145 358 1210 igitur
375 1147 480 1200 bononis
506 1152 592 1200 ortum
612 1149 644 1202 de
662 1152 725 1204 tiore
743 1152 805 1206 vitis
827 1156 867 1206 est
883 1153 991 1218 sanguis

155 1233 254 1288 cbristi
280 1234 411 1297 pretiosus
429 1237 507 1286 nabas
524 1235 557 1288 de
575 1236 736 1300 virginitate.
774 1241 884 1294 blultum
901 1241 991 1306 itaque

156 1319 330 1372 commendat
342 1320 477 1384 sanguinis
496 1320 590 1374 Christi
613 1323 776 1378 nobilitatem
799 1331 826 1380 et
842 1328 991 1394 pretiosita-

155 1410 221 1470 tem,
249 1406 317 1470 uuoti
336 1419 352 1458 a
369 1407 451 1469 nulla,
479 1411 509 1460 ut
535 1408 604 1462 alius
622 1413 730 1475 sanguis
748 1416 924 1480 corruptione,
944 1415 991 1468 sed

156 1505 173 1544 a
203 1491 327 1556 virginali
354 1492 417 1545 iore
448 1494 542 1546 sumsit
572 1497 718 1562 exordium.
750 1525 784 1534 -
814 1500 850 1552 be
876 1501 991 1554 secundo

156 1574 362 1641 l.l‘et.1,18.:
383 1579 439 1631 Non
457 1578 670 1645 corruptibilibus
688 1593 752 1633 auro
769 1584 813 1636 vel
826 1589 933 1648 argento
950 1597 991 1638 re·

157 1665 240 1718 temti
257 1666 329 1729 estis,
346 1665 393 1718 seo
406 1666 522 1729 pretioso
535 1667 664 1730 sanguine
676 1667 750 1731 qnasi
765 1668 827 1729 agni
839 1671 994 1724 incontami-

157 1752 213 1806 nati
226 1756 254 1804 et
273 1753 432 1804 immaculati
445 1754 506 1806 iesu
519 1753 622 1806 cbristi.
637 1779 671 1790 —
684 1754 719 1806 be
731 1753 809 1806 certio
828 1754 861 1806 atl
873 1755 950 1806 ltebr.
963 1751 991 1818 2,

155 1835 216 1891 14.;
237 1838 301 1900 Quia
318 1837 394 1901 pueri
413 1838 672 1892 communicaverunt
690 1839 763 1892 carni
781 1840 808 1890 et
823 1840 947 1903 sanguini
965 1843 992 1894 et

156 1926 215 1990 ipsc
234 1925 350 1978 cbristus
376 1920 497 1978 similiter
522 1925 690 1990 participavit
715 1923 814 1977 eisdem
840 1925 857 1977 i.
877 1936 901 1976 e.
921 1925 992 1980 lilius

155 2013 203 2066 bel
222 2024 270 2076 pro
288 2013 373 2064 salute
392 2012 513 2074 bominis,
532 2012 652 2076 babeatis
671 2021 776 2064 carnem
789 2013 815 2064 et
826 2011 990 2077 sanguinem.

159 2098 285 2150 assumsit
304 2109 408 2150 caruem
428 2102 455 2151 et
472 2099 627 2162 sanguinem
647 2103 674 2151 et
690 2096 728 2150 ita
745 2096 830 2150 univit
848 2109 879 2150 ea
897 2095 993 2152 sibiet

156 2185 322 2246 honestavit,
339 2188 370 2237 ut
390 2197 451 2239 rere
473 2185 574 2249 possint
600 2184 652 2238 clici
678 2197 738 2238 caro
756 2185 802 2238 bei
830 2188 856 2236 et
873 2183 989 2247 sanguis.

155 2275 213 2326 Act.
228 2268 272 2334 20,
286 2267 347 2324 28:
366 2272 455 2326 Posuit
473 2284 520 2325 vos
536 2271 649 2336 spiritus
669 2275 775 2324 sanctus
792 2282 884 2334 regere
908 2271 992 2324 eccle·

156 2358 225 2410 siam
245 2357 302 2420 bel,
321 2371 398 2423 quom
412 2358 551 2424 acquisivit
566 2357 696 2422 sanguine
712 2369 771 2411 suo.
800 2359 867 2421 Ergo
886 2357 992 2422 sanguis

155 2446 255 2500 cbristi
273 2457 335 2498 vere
361 2450 402 2499 est
418 2447 525 2510 sanguis
543 2445 599 2510 bei,
619 2444 678 2498 ideo
700 2443 837 2510 pretiosus,
857 2444 926 2510 quoi
939 2457 992 2500 una

155 2535 231 2596 gutta
249 2532 309 2594 plus
326 2533 398 2597 valet
414 2544 493 2598 quam
510 2536 581 2586 totus
597 2532 719 2584 mundus.

227 2619 376 2672 Secundum
407 2619 475 2672 circa
505 2617 697 2683 pretiositatem
730 2619 866 2683 sanguinis
896 2619 993 2672 Christi

155 2704 300 2770 praecipue
317 2704 461 2757 notandum
480 2710 520 2758 est
538 2706 605 2759 tanti
623 2705 701 2770 pretii
724 2706 893 2770 pronomine
912 2705 992 2758 danii

96 2801 124 2846 ο
155 2793 226 2844 ratio
245 2794 272 2842 ct
288 2793 355 2844 baec
373 2795 415 2844 est
431 2792 542 2856 triplex:

228 2878 323 2942 Prima,
343 2879 432 2943 magni
459 2879 540 2934 debiti
558 2880 707 2934 necessaria
731 2879 837 2934 solutio.
878 2875 991 2930 Maximo

154 2965 228 3019 enim
247 2965 336 3018 debito
355 2966 485 3030 obligatus
503 2970 545 3019 est
561 2968 661 3031 primus
678 2968 771 3030 bomo,
798 2965 859 3030 nula
885 2964 992 3016 teneba-

155 3059 202 3105 tur
226 3052 279 3104 iteo
304 3051 456 3106 satisfacere
483 3064 529 3115 pro
555 3064 584 3105 se
612 3057 639 3105 et
666 3054 718 3106 toto
744 3052 858 3103 humano
885 3061 990 3113 genere,

155 3137 227 3203 quoti
246 3142 369 3201 rapuerat
386 3143 413 3190 et
430 3138 562 3190 occiderat
573 3149 679 3201 pomum
698 3137 806 3190 vetitum
819 3136 990 3188 comedendo.

782 3219 837 3273 14*
