2384 3759
539 395 592 453 213

217 538 340 592 secunda
358 537 425 591 ratio
443 538 509 590 tanti
527 537 605 600 pretii
624 535 703 589 dandi
722 539 868 602 estmagni
886 539 982 593 amoris

145 626 344 680 demonstratio.
382 625 404 677 l.
423 626 497 678 ioan,
509 621 537 687 5,
556 620 598 676 8.:
618 625 679 678 Tres
696 627 773 686 sunt,
804 623 849 688 qni
866 625 982 678 testimo-

143 715 218 768 ntum
238 714 302 767 dont
320 715 348 766 in
365 719 451 768 terra:
479 712 595 779 spiritus,
616 723 684 778 aqua
703 714 730 762 et
748 708 863 772 sangnis.
900 711 981 774 spiri·

142 811 195 867 tus,
215 815 294 868 quem
312 801 383 855 misit
400 801 433 854 de
451 813 568 866 corpore,
599 815 675 867 aqua,
695 815 762 867 uuae
789 801 865 857 iiuxlt
891 803 924 855 de
942 805 981 856 la-

141 893 209 953 tere,
240 888 400 965 etsanguis
430 900 507 953 quem
536 887 629 943 eilirdit
648 890 680 942 de
707 889 795 953 eorde,
822 894 902 943 testes
920 893 982 944 sunt

142 976 295 1029 dilectionis
312 976 452 1028 maximae.
490 975 583 1028 Bernz
612 977 677 1029 tera
704 977 808 1040 copiosa
827 977 921 1030 christi
939 987 981 1030 re·

141 1063 270 1128 demptio,
298 1062 359 1128 qnia
385 1062 483 1115 undam
509 1062 646 1126 sangoinis
678 1075 726 1126 per
752 1063 865 1128 quinque
883 1059 981 1128 'partes

142 1150 260 1214 corporis
277 1149 386 1214 largiter
402 1148 505 1211 edndit,
534 1160 593 1204 cum
611 1161 659 1212 pro
677 1149 858 1214 redemptione
876 1149 981 1215 generis

141 1237 253 1291 hnmani
279 1249 333 1290 nna
364 1237 437 1299 gutta
464 1235 573 1300 pretiosi
599 1237 735 1301 sanguinis
762 1237 817 1302 elus
835 1237 977 1312 sufficeret,

141 1324 189 1377 sed
209 1322 271 1374 data
290 1325 330 1374 cst
347 1322 433 1386 copia,
460 1325 490 1374 ut
507 1323 686 1386 magnitudine
705 1324 820 1378 muneris
837 1325 921 1380 uirtus
938 1323 979 1376 ln·

140 1411 292 1463 notesceret
310 1409 451 1473 diligentis.
489 1408 521 1462 tlt
539 1410 610 1462 enim
629 1411 788 1474 ostenderet,
808 1415 933 1476 quantum
950 1413 979 1464 te

140 1495 276 1559 diligeret,
294 1507 347 1548 non
366 1495 446 1548 aliter
462 1496 547 1549 voluit
565 1508 642 1560 qnam
655 1497 791 1550 moriendo
804 1499 831 1550 te
849 1498 882 1550 de
893 1499 978 1551 morte

140 1584 265 1636 liberare.
302 1585 384 1645 lup:
415 1581 434 1634 o
453 1581 539 1634 anima
557 1593 618 1636 mea
634 1583 758 1646 pretiosa,
784 1593 837 1635 non
856 1595 918 1636 auro
935 1594 978 1636 re·

140 1669 231 1722 demta
239 1668 284 1720 rel
296 1667 389 1732 opibus
401 1667 447 1720 sed
460 1669 522 1731 agni
534 1667 696 1722 immaculati
708 1668 845 1730 sanguine,
861 1666 977 1728 attende,

140 1755 204 1821 qnid
221 1754 323 1818 valeas,
343 1753 406 1819 quid
423 1765 472 1818 pro
489 1755 515 1807 te
532 1755 623 1808 datum
641 1755 677 1808 sit
688 1753 783 1817 cogita.
813 1752 872 1804 Noli
885 1754 978 1804 temet·

140 1843 229 1908 ipsum
248 1841 352 1894 tradere
370 1841 397 1894 in
415 1840 604 1905 perditionem,
632 1851 679 1905 pro
698 1851 748 1904 ouo
766 1837 884 1891 Christus
901 1849 978 1892 suum

142 1929 287 1994 pretiosum
304 1927 374 1980 indit
390 1926 555 1991 sanguinem.

210 2015 298 2069 Tertia
314 2014 382 2068 ratio
399 2014 468 2067 tanti
485 2014 561 2078 pretii
578 2012 661 2092 dandi
680 2011 820 2076 estmagni
837 2009 900 2064 troni
918 2021 978 2074 per·

140 2101 189 2154 diti
207 2102 387 2166 temperatim
415 2104 443 2152 et
459 2101 509 2153 laoc
526 2105 567 2154 est
583 2100 681 2163 triplex
699 2111 736 2152 so.
754 2098 861 2152 litrertas
888 2110 904 2149 a
922 2108 977 2149 ser·

139 2189 226 2240 ritnte
244 2187 353 2252 distuli,
373 2187 494 2240 introitus
506 2185 627 2240 eoelestis
639 2185 723 2252 regni,
742 2184 892 2240 haereditas
909 2183 976 2236 tilio·

139 2286 200 2328 rum
218 2274 274 2327 liei.
311 2275 347 2327 lie
364 2275 450 2338 primo
466 2274 539 2327 loru.
554 2270 582 2336 8,
594 2269 655 2326 tiu:
682 2273 710 2327 si
728 2283 775 2328 uos
792 2273 862 2327 nlius
880 2270 977 2324 litera·

137 2363 218 2424 verit,
238 2371 301 2413 uere
318 2360 396 2414 lineri
408 2361 491 2414 eritis
519 2355 883 2423 Desecundolletrr.9,12‚:
903 2356 978 2410 curl-

137 2451 198 2500 stus
219 2446 338 2500 introivit
354 2447 436 2499 semel
453 2446 480 2498 in
498 2450 590 2500 sancta
613 2449 721 2500 aeterna
738 2445 918 2510 redemptione
935 2445 976 2498 in·

135 2537 233 2595 uenta;
263 2533 393 2586 uadentes
420 2533 508 2598 ltaque
535 2533 630 2587 iratres
660 2531 781 2587 fiduciam
812 2533 841 2586 in
867 2532 977 2586 introitu

141 2621 294 2672 sanctornm
312 2619 339 2670 in
357 2619 486 2683 sanguine
504 2620 609 2674 curisti.
647 2621 732 2676 Hier:
751 2619 864 2684 sangnis
881 2619 976 2673 curisti

136 2707 180 2756 est
197 2703 280 2755 claris
297 2704 421 2766 paradisi.
460 2706 491 2757 ln
516 2706 640 2770 passione
664 2707 734 2762 enim
751 2706 854 2761 llominl
872 2707 975 2759 coelum

136 2789 185 2842 din
202 2788 336 2847 clausum,
365 2790 440 2854 qnasi
467 2791 554 2844 soluto
574 2794 711 2858 sanguinis
740 2793 796 2858 ejus
822 2791 907 2855 pretio
934 2791 975 2842 est

136 2877 266 2938 apertum.
282 2901 316 2912 -
328 2876 364 2928 tle
384 2876 460 2928 tertio
471 2877 533 2930 Leu.
547 2874 591 2941 25,
605 2874 664 2931 25.;
685 2878 712 2932 Si
730 2879 880 2931 attenuatus
892 2873 975 2926 irater

134 2971 201 3012 snus
220 2960 368 3014 vendiderit
385 2962 623 3025 possessiunculam
640 2977 714 3018 suam
732 2963 897 3027 volueritque
915 2970 975 3025 pro·

134 3046 252 3110 pinqnus
272 3047 337 3112 elus,
357 3050 444 3111 potest
470 3049 609 3114 redimere,
642 3050 710 3115 qnod
738 3049 784 3102 ille
810 3045 973 3102 vendiderat.

133 3132 190 3184 lloc
208 3132 273 3185 tecit
290 3130 409 3185 christus
425 3133 513 3197 pretio
531 3135 667 3198 sanguinis
685 3134 735 3187 sni.

474 3267 631 3280 *
