2384 3759
236 478 283 531 vid
299 476 369 529 dona
386 475 566 528 mandatorum
583 473 639 536 liei,
660 472 763 526 dicens:
781 473 868 527 iiileai
886 473 1016 529 inundata
1032 479 1075 529 tua

237 572 426 627 annotandum
443 565 471 615 ot
487 561 619 625 topazion.
640 560 696 623 (Pe.
717 556 778 624 118,
797 555 870 623 12⁷.)
901 561 934 613 iit
952 561 1076 613 sunnon

238 650 345 702 donnum
362 647 507 712 aaoiontiao
518 646 672 710 ontoiieiat,
692 645 796 699 dicens:
814 644 907 699 Eetion
918 650 961 699 ost
972 649 1076 711 sanion-

237 734 275 786 tia
291 733 393 787 cuneda
409 732 504 797 onibus
520 730 728 796 protiosissimo
748 736 776 784 ot
796 742 873 785 omno
897 731 1074 786 duoidorabiio

237 820 264 873 ui
281 832 335 873 non
352 822 439 884 notoat
454 817 608 882 ouunoauart.
646 814 737 881 (Pron.
757 814 783 879 8,
802 814 858 880 11.)

307 903 333 957 2.
361 907 411 959 iiio
437 916 527 958 norant
553 903 738 967 gratitudinem
763 904 858 967 nabot,
886 904 931 969 oui
957 906 1075 959 omniun

239 994 367 1047 donorunt
384 991 430 1045 liet
447 1003 476 1043 εε
494 989 633 1055 indignum
650 990 739 1043 sentit.
778 991 809 1043 nt
825 995 923 1054 ouanto
942 1002 973 1043 se
992 993 1075 1056 indig-

239 1080 340 1135 niorem
356 1076 543 1131 bonedoiorunu
559 1076 606 1129 iioi
628 1078 732 1138 renutat
754 1075 897 1139 utaentit,
921 1075 950 1128 in
973 1080 1074 1131 tantun

239 1166 352 1232 amulius
369 1162 501 1229 gratitudo
512 1162 608 1214 montis
620 1161 757 1215 exerescit.
790 1162 1008 1225 curosostonnus:
1030 1165 1075 1217 Pru

239 1253 369 1315 omnibns,
389 1261 455 1315 uuae
473 1247 589 1301 tribuisti
606 1247 690 1311 nobis,
710 1261 726 1301 o
744 1248 855 1312 citato,
875 1247 944 1301 ninii
962 1260 980 1301 a
1001 1252 1074 1303 nouis

239 1339 316 1403 netis,
336 1348 415 1403 quain
432 1335 540 1398 saivari,
559 1335 609 1387 noo
627 1334 712 1398 insunt
730 1334 857 1398 triduano,
876 1339 904 1389 et
922 1335 1075 1400 aodoienti-

239 1422 289 1478 buo
307 1424 407 1487 gratias
423 1422 489 1486 agio
980 1429 982 1433 ·

307 1506 333 1561 3.
352 1508 390 1562 ud
409 1518 497 1561 noran
514 1505 701 1571 gratitudinem
718 1518 767 1559 nos
784 1506 908 1560 inducero
921 1506 1004 1561 debet
1015 1520 1075 1561 oon·

238 1595 363 1649 sideratio
392 1592 495 1655 dontio,
527 1592 572 1657 qui
603 1596 644 1645 est
669 1592 851 1655 omnipotens,
884 1592 1075 1657 nobilissimus,

239 1679 443 1741 amantissimus,
461 1676 639 1742 ddoiisoinnus‚
659 1678 782 1741 onttnns,
795 1677 963 1731 omonimus
976 1683 1005 1731 ut
1016 1692 1073 1743 nor·

239 1767 405 1824 rectissimus.
1110 1816 1111 1825 ,

307 1854 372 1906 ttoni
388 1849 694 1913 donouuanunagnitndo.
732 1850 788 1903 Non
806 1850 929 1904 estenim
949 1854 1077 1916 tanton·
1110 1840 1111 1852 ¹

238 1938 414 1993 gandonum
432 1937 568 2000 oomoaaiu
585 1936 629 1988 voi
646 1936 792 1999 snirituuio
812 1937 881 2001 quod
899 1938 985 1990 alteo
1004 1939 1073 1991 duit:

239 2024 268 2076 in
292 2036 345 2089 ono
371 2034 424 2076 non
451 2022 487 2073 stt
513 2021 629 2074 intinsus
656 2022 798 2075 immensus
823 2024 891 2075 Deus
917 2034 980 2077 ounn
1007 2023 1076 2077 omni
1109 2070 1110 2089 g

239 2108 329 2163 diviua
346 2110 454 2161 virtuto.
1109 2100 1110 2134 i

308 2196 373 2246 itanu
391 2194 540 2257 pensandus
558 2198 599 2246 est
617 2194 725 2247 aiiootus
744 2193 838 2247 dantia.
878 2194 936 2247 Non
957 2196 1032 2248 onim
1050 2206 1076 2247 εε

239 2290 274 2332 ει
291 2278 400 2332 dimidio
418 2280 472 2345 dat,
492 2280 535 2333 voi
554 2290 612 2331 oum
630 2278 819 2344 indignatione,
840 2282 870 2333 ut
888 2279 1074 2335 absolvatuna

238 2362 328 2428 nobis3
349 2365 396 2417 sod
413 2378 447 2419 en
464 2364 536 2417 omni
548 2364 678 2419 dooiderio
690 2364 789 2428 divino,
807 2376 841 2418 ox
853 2367 908 2418 tota
921 2365 1071 2429 dilectione,

239 2452 267 2502 et
283 2448 401 2502 bonitate
418 2462 475 2502 sua.
684 2515 686 2519 .

307 2536 373 2587 Item
399 2535 567 2599 ponderanda
593 2540 634 2589 ost
655 2522 766 2593 utilitas.
784 2535 919 2595 donorum.
964 2538 1069 2603 Singniu

239 2617 309 2671 onim
327 2619 372 2671 dat
384 2619 418 2672 ad
429 2621 515 2685 iouunn
528 2622 746 2687 cognoscundum,
766 2622 914 2685 fruendum,
936 2626 965 2675 ot
984 2624 1018 2677 ad
1030 2634 1072 2675 nos

238 2700 451 2758 beatificandum.

308 2792 374 2843 item
391 2791 554 2855 pensandum
572 2797 622 2857 est,
642 2792 704 2859 qnid
722 2797 799 2859 cogat
816 2804 877 2847 autu
889 2794 922 2847 ud
941 2793 1069 2848 dandun:

239 2887 294 2928 non
311 2878 389 2929 timor
406 2877 519 2930 alicuius
536 2878 616 2940 maii,
641 2880 684 2932 vei
704 2890 766 2943 spes
789 2879 901 2933 alicuius
923 2879 1004 2934 boni:
1024 2890 1070 2933 non

240 2962 329 3026 aiiouu
347 2961 552 3024 virtna‘nostru3
574 2962 622 3015 sod
644 2965 751 3017 aeterna
772 2966 800 3016 et
822 2964 951 3017 inmensa
970 2966 1069 3019 bonitus
1106 2946 1107 2980 ³

239 3058 298 3099 sna,

309 3132 375 3186 iton
392 3128 583 3185 oonaidotanda
600 3133 640 3184 ost
663 3132 805 3198 indignitas
827 3139 930 3199 nostra,
955 3137 1002 3202 qui
1027 3146 1069 3189 neo
