2384 3759
638 360 674 414 82

522 622 692 698 ,CAPUT
714 625 778 694 XI.

443 765 502 822 tie
532 763 868 834 temperantia.

316 943 339 996 i.
360 939 542 1005 Temperantia
560 951 624 991 vere
643 942 670 990 et
687 938 802 1003 uerterta
814 941 854 991 eat
868 937 940 1001 iusta
959 939 1078 991 modera-

242 1031 281 1086 tio
299 1034 416 1082 motuum
434 1025 596 1086 interiorum,
616 1027 644 1076 et
661 1024 820 1077 exteriorum
838 1035 956 1088 operum.

313 1112 339 1165 2.
359 1114 409 1166 iiie
426 1122 515 1164 veram
534 1110 734 1174 temperantiam
753 1111 840 1172 habet,
860 1110 904 1174 oui
922 1121 977 1162 nou
995 1111 1079 1162 solum

244 1200 397 1253 moderatur
414 1208 461 1249 eor
476 1207 552 1248 ouum
570 1208 586 1248 a
605 1196 694 1260 pratia
711 1195 913 1260 cogitationibus
934 1202 963 1248 et
980 1195 1080 1248 inutili·

244 1287 309 1347 itus3
328 1285 373 1336 sed
393 1283 473 1335 etiam
491 1285 579 1335 seruat
590 1282 696 1335 modum
714 1283 743 1335 in
761 1282 846 1345 ionio,
867 1295 901 1334 ue
917 1281 1028 1346 saepius
1040 1283 1080 1334 rei

244 1370 345 1424 diutius
372 1367 541 1433 cogitationes
566 1367 652 1420 bonae
678 1368 851 1430 inhaereant,
878 1378 957 1432 ouem
981 1365 1080 1430 iustum

239 1461 349 1521 -tenoos
367 1454 495 1520 requirat3
515 1455 575 1519 quia
587 1453 715 1508 otdeiaies
728 1455 908 1518 cogitationes,
928 1454 991 1505 lieet
1003 1454 1081 1506 utitor

241 1543 307 1606 aiut,
326 1545 477 1594 tamennon
491 1527 551 1592 sont
568 1540 721 1593 tractandae
733 1539 800 1593 iutra
817 1540 936 1593 divinum
954 1537 1079 1600 odicium,

242 1627 390 1682 seeundum
416 1627 483 1692 quod
512 1625 576 1680 dieit
602 1627 631 1678 li.
650 1626 809 1679 diemardus:
837 1625 949 1689 spiritus
973 1633 1079 1678 aenens

243 1714 294 1767 iiia
313 1715 377 1766 hore
394 1724 448 1766 non
466 1711 578 1776 recipit,
606 1711 733 1776 quidquid
760 1711 851 1773 atiud,
879 1722 959 1776 ouem
986 1711 1078 1772 debes,

244 1800 368 1866 negieoto
386 1811 427 1860 eo,
445 1797 515 1862 quod
527 1795 617 1860 debes,
636 1797 771 1858 obtuleris,
791 1797 865 1849 euius
877 1808 982 1858 aemoer
993 1797 1080 1850 tatere

244 1887 409 1940 voluntatem
429 1884 461 1936 ad
480 1883 537 1947 eius
555 1882 734 1945 volontatem,
758 1883 816 1946 ioso
833 1883 997 1947 inspirante,
1027 1895 1081 1947 ooo
1108 1934 1109 1939 ,

244 1983 348 2026 sumus.

316 2055 444 2112 Similiter
462 2065 522 2108 vere
541 2058 701 2116 temperatus
719 2053 868 2106 moderatur
884 2066 946 2107 suas
965 2053 1082 2107 affectio·

245 2155 294 2197 nes
322 2145 349 2195 et
371 2143 523 2205 passiones,
553 2140 658 2204 quando
684 2139 785 2205 aiiquid
811 2142 854 2193 uei
881 2141 949 2194 ninii
976 2152 1083 2204 onerare

243 2229 326 2282 dehet
343 2227 387 2280 vei
405 2227 511 2292 timere,
530 2231 556 2277 et
573 2219 699 2291 'quantum
718 2231 744 2278 et
762 2225 896 2291 quamdiu,
914 2226 947 2277 de
966 2237 1019 2289 ouo
1038 2227 1082 2278 aii·

246 2314 319 2380 quid,
338 2315 382 2367 rei
400 2313 465 2366 uitii
483 2311 597 2376 gaudere
616 2310 719 2372 debeat,
739 2311 783 2363 vei
795 2310 894 2373 dolere,
915 2316 941 2363 et
958 2319 1082 2374 quantun

244 2404 276 2453 et
294 2397 432 2463 quamdiu3
451 2398 552 2461 dequo
571 2408 697 2460 amorem,
717 2398 759 2449 tei
777 2397 875 2459 odium,
895 2398 938 2449 uei
957 2397 1083 2460 oudmen

246 2485 348 2539 trabere
365 2483 408 2536 uei
426 2495 479 2535 uon
498 2482 594 2536 debere
607 2483 711 2547 debeat,
731 2488 758 2536 et
771 2487 895 2549 quantum
909 2487 935 2534 et
947 2485 1082 2548 quamdiu.

318 2569 444 2622 Similiter
461 2568 611 2622 moderatur
628 2569 804 2638 intelieotum,
828 2581 862 2621 ue
881 2569 1004 2630 ampliori
1022 2574 1084 2622 tem·

246 2665 330 2720 pore,
358 2665 436 2719 quam
463 2657 582 2719 oportet,
606 2666 635 2706 ae
653 2661 763 2718 oeouoet
780 2656 850 2708 eirea
868 2654 967 2719 aliquid
987 2655 1084 2709 inteiii·

245 2739 371 2806 gendum.

319 2826 445 2881 Similiter
463 2825 614 2878 moderatur
631 2828 807 2889 voluntatem,
830 2828 916 2892 quetis
938 2832 966 2880 ei
989 2834 1085 2892 quanta

245 2925 307 2967 esse
325 2913 429 2975 debeat,
450 2917 477 2964 et
494 2911 676 2973 intentionem,
695 2913 781 2975 quetis
799 2915 826 2965 et
844 2914 942 2976 ouante
960 2924 1021 2966 esse
1039 2914 1084 2966 de·

249 2999 330 3062 beat,
356 3001 383 3054 et
401 2998 434 3049 ad
451 3008 528 3061 quem
547 2995 633 3049 duem.
670 2997 797 3050 similiter
821 2998 933 3050 litterum
952 2997 1087 3054 arbitrium

247 3085 388 3149 oouderet
409 3087 535 3150 quantum
554 3083 654 3146 eligere
671 3084 768 3136 donum
786 3082 894 3146 debeat,
914 3086 941 3136 et
959 3090 1086 3149 quantum

248 3172 392 3236 retrodare
411 3170 518 3222 melum.
