2384 3759
537 354 590 409 119

141 508 252 561 sarsore
277 496 439 547 sacerdotem
465 499 494 547 et
518 506 571 547 non
588 494 731 547 seeundum
749 495 867 549 ordinem
883 500 976 551 Aaron.

141 583 283 636 Translata
307 582 378 633 enim
396 580 542 634 sacerdotio
559 592 669 633 neeesse
686 586 735 645 est,
762 584 793 635 ut
810 583 876 647 tegis
894 588 979 637 trans·

142 668 206 721 tatio
225 668 283 719 dat
319 666 486 719 Manifestum
504 669 545 718 est
561 668 663 728 autem,
687 667 756 731 quod
774 680 809 721 ex
826 668 896 721 triton
912 670 978 723 iuda

142 758 217 806 orins
235 755 279 804 est
296 752 429 814 Dominus,
447 752 480 804 de
498 762 549 815 nna
566 752 711 808 seeundum
728 755 815 816 legem
832 766 885 806 non
904 757 979 807 erant

141 838 306 891 moerdotas.
326 836 420 899 (deor.
439 837 465 899 i,
485 834 613 898 11-13.)

214 924 338 977 secunda
357 927 397 975 est
409 923 555 976 debitorum
572 926 718 977 nostrornm
738 924 879 988 exigentia.
917 926 977 978 iam

141 1021 272 1074 magnam
298 1011 368 1061 enim
395 1014 452 1062 erat
478 1010 594 1061 deditum
618 1012 760 1073 primorum
784 1014 921 1073 parentum
944 1023 978 1063 ex

140 1095 473 1159 rapinaemagnitndine,
507 1108 540 1149 ex
569 1098 682 1159 raptoris
708 1096 911 1161 ingratitudine,
944 1108 978 1149 ex

141 1182 210 1235 taeei
227 1182 289 1233 soii.
316 1183 439 1235 creatoris
460 1183 613 1247 majestate,
641 1183 710 1247 qnod
735 1196 788 1236 non
810 1183 894 1235 sotum
912 1180 978 1246 regia

142 1267 278 1320 saeridoia
303 1268 350 1319 sed
372 1272 442 1319 totns
469 1267 582 1320 mundns
606 1278 664 1320 oum
692 1270 762 1321 omni
789 1274 908 1323 creatora
926 1280 979 1323 non

141 1353 245 1407 suffieit
261 1365 309 1417 pro
327 1354 515 1407 satisfactione.
553 1353 671 1406 christus
688 1354 838 1418 ingrediens
853 1356 979 1409 mnndum

141 1440 224 1492 dicit:
255 1440 368 1492 nostiam
395 1444 423 1492 et
449 1440 611 1493 oblationem
638 1440 761 1505 notuisti,
780 1454 872 1507 narnus
891 1447 978 1495 antem

140 1526 243 1590 aptasti
260 1524 334 1577 mitri.
366 1525 458 1585 (deor.
478 1522 523 1589 10,
554 1525 594 1591 5,)
629 1528 793 1592 Ingrediens,
818 1528 836 1580 i.
857 1540 880 1581 e.
901 1530 978 1581 homo

141 1615 242 1675 taetus,
263 1612 342 1664 dicit:
362 1612 472 1664 nostiam
491 1613 525 1665 de
541 1612 700 1664 animalibus
723 1617 750 1665 et
767 1614 925 1665 notationem
946 1613 979 1664 de

143 1700 205 1752 aliis
222 1698 302 1751 redns
319 1698 438 1762 notuisti,
465 1699 483 1751 i.
504 1710 528 1751 e.
548 1710 600 1752 non
622 1700 777 1762 placuerunt
794 1699 856 1762 titi3
884 1706 980 1760 corone

140 1789 253 1847 antem,
283 1785 351 1847 qnod
377 1796 443 1849 prae
469 1786 589 1837 omnibus
610 1786 748 1838 saoridoiis
765 1788 814 1849 est,
843 1785 904 1848 qrria
921 1783 979 1836 sine

143 1881 255 1935 neccaro
273 1870 381 1933 notasti
396 1870 477 1933 mitri,
505 1871 523 1922 i.
545 1882 568 1923 e.
589 1876 679 1936 aptum
697 1877 724 1925 et
741 1872 864 1931 idoneum
883 1869 979 1922 dedisti

142 1954 209 2010 mitri
228 1956 352 2019 vivendo,
372 1956 439 2020 quod
458 1968 505 2020 pro
517 1959 587 2010 omni
600 1958 781 2022 redemptione
793 1959 881 2011 valeat
893 1957 977 2011 oderi.

144 2046 216 2107 onae
233 2054 287 2094 non
305 2042 390 2105 moni,
408 2048 472 2094 tono
488 2044 654 2097 exsolvebam
673 2041 787 2109 (Ps.{68‚
800 2043 856 2106 5.);
876 2044 980 2109 quando

144 2131 202 2182 soit.
222 2128 378 2193 proderitis
396 2129 512 2181 omnium
532 2130 665 2183 snmoiens
683 2130 839 2183 saoridoium
857 2130 884 2181 in
902 2140 979 2183 ornae

144 2215 297 2268 offerebam.

215 2300 303 2353 Tertia
319 2302 387 2353 ratio
398 2301 518 2355 motandi
531 2288 571 2353 est
582 2301 697 2365 ipsorum
708 2300 894 2355 saoridoiornm
912 2302 979 2366 regis

143 2387 344 2441 insufficientia.
381 2388 412 2439 it
430 2389 481 2440 hoo
497 2388 625 2451 probatur
643 2387 762 2451 adridens,
782 2388 979 2453 iniustitiae

144 2486 196 2526 non
223 2472 396 2539 placuerant,
426 2474 487 2539 qnia
513 2478 622 2537 oeooata
646 2486 701 2527 non
722 2473 899 2541 abstulerunt;
918 2476 980 2541 quia

143 2561 258 2624 gratiam
276 2572 329 2613 non
342 2561 518 2613 contulerant.
550 2560 586 2613 ite
604 2560 701 2625 primo:
720 2552 878 2615 Hotooansta
890 2567 979 2615 vestra

144 2659 197 2699 non
226 2648 289 2698 sant
316 2650 442 2709 amenta,
474 2647 597 2699 victimae
625 2652 729 2700 vestrae
751 2659 803 2700 non
825 2648 980 2711 placuerunt

144 2734 218 2785 mitri.
240 2730 311 2796 (Jer.
333 2732 360 2795 6,
378 2729 436 2794 22.)
472 2733 675 2787 Misericordiam
705 2735 766 2788 volo
785 2738 811 2787 et
829 2747 882 2789 non
900 2734 979 2787 saeri-

144 2820 242 2873 tieinm.
260 2820 318 2880 ios.
340 2816 366 2882 6,
385 2820 427 2882 6,)
463 2820 644 2874 desecando:
676 2810 860 2873 Holocaustnm
887 2824 914 2871 et
931 2830 979 2883 oro

145 2903 261 2971 neeoato'
277 2919 331 2959 non
351 2908 499 2970 postutasti.
537 2907 574 2959 Ex
591 2906 714 2971 operibus
733 2908 800 2971 regis
817 2917 869 2959 non
886 2903 979 2967 instili-

145 2994 248 3049 eatitnr
265 2995 351 3047 omnis
369 3006 429 3048 earo
447 3006 534 3048 eoram
544 2993 660 3047 nomino.
681 2993 774 3053 (Rom.
793 2988 819 3055 3,
839 2987 898 3051 20.)
928 2990 978 3063 Im·
1078 3061 1085 3067 ¹

144 3080 270 3145 possidire
297 3084 338 3131 est
355 3081 483 3143 sangnine
510 3081 640 3133 dirtornrn
668 3082 695 3131 et
721 3082 855 3129 taurorum
882 3074 979 3127 anierri

144 3172 263 3230 onorata.
285 3166 378 3230 (deda.
395 3166 438 3232 10,
452 3167 493 3229 3.)
522 3167 558 3220 lte
576 3165 669 3219 tertio:
686 3161 750 3214 Dedi
769 3158 909 3222 praecepta
927 3170 980 3211 non
