2384 3759
530 337 564 392 51

123 479 162 530 uit
180 477 293 542 quidem
315 487 331 526 a
350 476 530 530 sacerdotibus
547 479 683 542 probatam
702 481 729 533 in
747 483 898 546 seripturis,
923 484 968 545 do·

124 561 220 616 tendat
251 561 376 614 iideiiter.
419 563 492 624 duod
518 563 541 615 si
571 577 624 618 non
654 566 764 628 tonent,
794 569 911 631 proditor
927 554 968 623 e¹st

122 648 258 702 ueritatis.

472 817 630 830 *a

412 963 568 1038 CAPUT
589 970 691 1046 XIX.

315 1105 375 1166 lio
404 1109 786 1165 mausuetudine.

196 1243 224 1298 1.
245 1246 419 1300 iiamuetudo
448 1257 530 1312 vena,
561 1247 619 1300 siue
647 1248 797 1314 benignitas
819 1255 875 1314 est,
907 1263 967 1305 eum

122 1334 238 1396 oronim·
265 1331 354 1384 illotas
380 1331 490 1395 iniurias
508 1343 582 1384 mons
601 1345 765 1400 nequaquam
783 1339 964 1402 exacerbatur,

122 1429 175 1470 nen
193 1416 345 1468 amaritudo
364 1417 450 1470 tondis
468 1417 585 1471 exterius
604 1419 749 1483 indicatum
767 1423 815 1476 sod
833 1427 874 1478 est
890 1424 966 1489 quasi

123 1505 207 1556 nonno
226 1515 281 1556 uon
299 1502 418 1566 audiens,
438 1507 465 1556 et
481 1515 534 1556 nou
553 1503 652 1558 nubens
669 1505 698 1557 iu
714 1517 760 1558 om
776 1519 824 1560 suo
841 1510 965 1574 redargu·

124 1591 232 1654 tiones,
261 1585 322 1652 (Pa.
341 1585 386 1652 tii,
406 1585 463 1655 15.)
490 1592 612 1656 exomnio
638 1592 701 1645 iesu
726 1593 832 1656 cintii
863 1596 897 1648 do
913 1607 965 1660 ouo

122 1677 232 1730 isaias:
260 1670 319 1738 (53,
339 1673 377 1738 i.)
407 1677 437 1730 Ei
459 1689 512 1730 uon
529 1677 634 1741 operuit
650 1689 680 1730 os
697 1689 782 1732 suum.
808 1681 882 1733 Siout
908 1681 966 1733 ovis

123 1763 159 1816 ad
178 1761 341 1815 occisionem
359 1762 483 1826 doneturt
503 1768 530 1817 et
541 1764 616 1830 quasi
634 1776 718 1828 atum
735 1777 824 1819 coram
841 1766 966 1818 tondente

123 1863 154 1902 se
173 1849 349 1911 obmutescet,
369 1852 397 1902 ot
412 1861 467 1902 non
486 1849 587 1912 operiet
604 1861 635 1902 os
652 1860 738 1902 snum.

199 1933 275 1986 Unde
305 1933 368 1987 dicit
395 1935 485 1988 diosso
514 1946 594 2000 super
611 1935 786 1988 iiattiiaeum:
817 1932 888 1986 uitis
914 1939 964 1999 est,

124 2033 206 2084 ouem
226 2019 353 2083 asperitas
370 2019 476 2084 meniis,
496 2031 544 2072 sou
563 2019 711 2072 amaritudo
728 2031 782 2072 nou
799 2018 898 2082 uincit,
918 2021 966 2074 sod

124 2103 286 2170 simplicitas
312 2104 374 2158 iidoi
400 2105 434 2158 od
461 2117 566 2159 omnem
584 2105 739 2169 iniustitiam
757 2105 907 2170 patiendam
925 2107 965 2158 in·

124 2191 217 2244 struit.
241 2191 312 2244 itiiis
329 2194 378 2254 est,
397 2203 474 2256 quem
493 2204 542 2246 noo
559 2204 663 2254 rancor,
683 2203 733 2245 noo
750 2191 790 2244 ira
801 2189 897 2256 -aifloit,
916 2192 965 2245 sod

123 2277 217 2330 omnio
244 2276 436 2341 aequanimiter
453 2278 574 2334 sustinui.
607 2277 688 2341 Hujus
718 2277 823 2332 uirtutis
852 2289 964 2344 magone
1012 2345 1015 2351 Ι

123 2362 205 2428 quasi
223 2362 377 2426 magistrum
397 2373 426 2415 se
444 2363 508 2415 iecit
525 2363 662 2416 Dominus:
691 2365 760 2429 quod
777 2376 831 2416 non
848 2364 963 2429 iecisset,

123 2448 178 2500 nisi
197 2458 252 2500 uua
270 2459 387 2501 summae
405 2449 575 2511 perfectionis
586 2450 653 2502 iudeo
664 2450 748 2502 uirtus
759 2453 837 2502 esset.
858 2451 962 2514 iiisdte,

122 2535 224 2598 induit,
243 2545 322 2597 amo,
342 2533 405 2598 quia
416 2534 488 2587 mitis
499 2547 566 2598 sum,
585 2534 730 2588 etunniiis
739 2537 826 2602 tonde.
845 2535 962 2600 (daut.

123 2619 169 2686 11,
189 2618 250 2681 29.)
291 2621 442 2674 Mansuetus
470 2633 523 2674 non
553 2622 688 2686 irritatur,
717 2634 771 2675 nou
788 2628 883 2687 nooet,
915 2635 964 2676 neo

122 2719 222 2762 nooera
239 2707 344 2770 cogitat.
363 2695 434 2758 iiitts
451 2707 501 2768 ost,
521 2705 566 2771 qui
582 2707 661 2760 maiia
668 2707 786 2762 moritus
803 2706 961 2760 dominatur.

122 2797 196 2848 idaeo
213 2795 303 2847 omnia
320 2793 385 2846 dicit
403 2793 496 2846 iiiossu
513 2792 620 2846 itidem.

195 2877 223 2932 2.
242 2879 281 2933 id
308 2891 424 2942 amonem
450 2879 660 2932 mansuetndinis
677 2879 802 2933 iudanom
818 2891 868 2932 nos
885 2876 964 2930 dedet

123 2965 266 3020 beatitudo
284 2965 412 3029 promissa
439 2977 473 3018 ox
490 2976 602 3030 persona
620 2965 715 3020 curisti
733 2964 858 3018 dicentis:
889 2961 963 3012 Beati

125 3055 212 3118 nitas,
233 3052 357 3117 qnoniam
377 3052 428 3116 ipsi
440 3051 613 3116 possidebunt
630 3057 736 3105 mutam.
758 3048 874 3113 (idatio.
885 3041 912 3104 5,
922 3042 963 3104 4.)

124 3141 152 3192 ii.
171 3137 348 3204 Augustinus:
368 3138 444 3190 iiiam
463 3137 541 3190 oredo
559 3141 667 3200 tomam,
695 3135 729 3186 de
746 3144 806 3260 (μὲι,
815 3131 844 3179 in
861 3127 964 3178 i’saimo
