2384 3759
613 380 649 435 60

281 520 309 574 3.
328 524 517 585 Argumentum
534 520 598 585 lusti
616 520 717 573 timoris
734 520 829 584 hebet,
854 519 898 585 qui
916 524 970 573 tom
991 522 1056 573 soli·

212 609 282 661 ellus
300 610 344 660 est·
356 607 483 670 nmulum,
502 618 571 671 nune
588 606 634 660 llol
652 608 721 667 sunt,
744 609 774 658 ut
790 606 864 659 nullo
876 609 999 669 tempore
1011 608 1056 659 rel

214 694 274 746 loeo
291 692 434 758 quidquam
460 704 551 745 eorum
578 692 712 756 negligat,
743 680 819 755 quso'
836 690 888 743 sibi
914 690 1056 755 nossrollis

213 785 292 845 suut;
310 780 365 831 imo
382 790 430 843 nro
447 790 525 841 nome
543 778 631 830 omnin
652 778 787 830 ferventer
809 781 941 839 oneratur.
979 776 1056 830 Unde

134 902 142 911 .
213 865 313 919 elicitur
332 867 361 919 in
378 866 550 919 Ecclesiaste:
576 865 624 926 oui
642 863 829 926 timotheum,
855 863 923 915 niull
941 863 1056 929 negligit

214 948 318 1014 (eccle
340 947 365 1014 7,
388 949 446 1011 19.)
481 951 513 1003 ut
529 950 557 1002 iu
574 948 771 1002 Ecclesiastico:
801 948 848 1011 Qui
866 950 942 1003 timet
958 951 1053 1015 Deum,

213 1036 297 1089 leniet
313 1037 392 1089 boun.
413 1036 512 1095 (secu
531 1030 574 1099 15,
594 1032 635 1095 1.)

285 1119 312 1173 4.
350 1124 537 1185 Argumentum
564 1119 655 1184 injusti
682 1119 784 1173 timoris
808 1120 903 1183 hehet,
935 1120 980 1184 qni
1008 1125 1057 1185 nr'o
1106 1130 1107 1133 ’

215 1206 358 1259 emissione
374 1207 418 1259 rel
436 1207 552 1270 eorporis
569 1206 614 1259 rel
631 1218 736 1270 rerum,
765 1216 817 1259 uon
843 1209 950 1270 propter
971 1208 1056 1261 Deum

214 1293 287 1345 bono
304 1292 386 1356 feeit,
414 1293 458 1345 uel
476 1294 574 1345 melum
593 1292 718 1357 d·lmlttit;
742 1293 785 1345 vel
803 1282 902 1345 molum
921 1292 1000 1359 lucit,
1029 1296 1057 1346 et

215 1377 314 1430 bonum
332 1377 450 1432 (limittit.
488 1380 562 1432 lluuo
578 1379 699 1432 timorem
717 1376 832 1442 prohibit
848 1378 990 1440 Dominus,
1017 1380 1056 1431 dl·

217 1475 294 1515 oens:
314 1463 401 1517 llolite
417 1465 512 1517 timere
530 1478 583 1529 eos,
603 1464 647 1531 qni
666 1464 788 1517 occidunt
805 1474 907 1527 cornus.
941 1462 1056 1528 (Muttlt.

218 1545 263 1612 10,
282 1545 339 1613 28.)
372 1551 405 1603 Et
421 1551 516 1603 istius:
545 1551 607 1613 Quis
633 1554 680 1615 tu,
707 1554 738 1603 ut
767 1550 861 1603 timens
888 1550 921 1601 ulo
949 1550 1057 1602 homine

215 1635 342 1688 mortuil?
368 1633 450 1700 (leot.
468 1633 513 1701 51,
534 1633 587 1701 12.)
623 1636 727 1689 Tullinus
755 1635 819 1689 llicit
835 1636 975 1689 Dominus:
1008 1636 1057 1689 llll

218 1723 283 1773 suut
299 1720 337 1773 lii
355 1732 459 1784 eorum,
483 1722 512 1773 ln
534 1720 629 1785 uulnus
647 1722 781 1775 nubebant
797 1721 940 1777 ildunioml
959 1720 1055 1786 (Boot.

477 2120 635 2247 oleon
657 2170 795 2242 xxm.

531 2312 580 2370 lie
610 2310 742 2369 rastros.

291 2487 316 2540 1.
335 2487 446 2541 Luetlth
463 2500 542 2552 vers,
572 2488 629 2540 slve
648 2486 772 2551 gsuulnm
795 2490 853 2550 est,
881 2490 1015 2561 consolari
1033 2492 1058 2544 ln

219 2574 273 2636 llis,
292 2584 360 2637 nune
378 2572 424 2625 uel
441 2577 512 2625 suut.
549 2574 658 2627 litteris
676 2574 745 2627 euim
759 2574 844 2626 omnis
856 2574 948 2639 gnuuli
966 2577 995 2627 in
1008 2577 1058 2629 lieo

220 2662 271 2723 est,
289 2658 404 2711 seilicet:
422 2658 551 2722 potentin
570 2659 709 2726 snpientia,
728 2657 840 2723 sonitus,
861 2660 982 2725 lurgltss,
1002 2662 1058 2727 nul·

221 2744 352 2808 elrrltu'rlo,
371 2743 516 2808 ineundo,
535 2744 721 2809 misericordis,
739 2744 854 2811 lustitia,
865 2748 988 2812 ¹ueritus,
1014 2759 1058 2801 uu·

222 2831 322 2900 tillitus,
341 2830 476 2897 sanctitas,
496 2832 678 2896 mansuetudo,
697 2831 820 2895 inolitus,
835 2832 959 2897 sununs,
973 2834 1057 2889 humi·

220 2919 293 2979 litus,
312 2916 379 2969 etsi
397 2928 465 2981 nune
481 2923 543 2971 sunt
559 2917 666 2970 slmllle.
704 2918 734 2971 lit
746 2920 812 2971 osee
823 2918 911 2971 omnin
929 2920 1057 2973 lmmenss

220 3006 249 3054 et
266 3006 376 3055 aeterne
392 3007 455 3060 suut
472 3004 500 3055 lu
516 3004 579 3055 lieo.

290 3088 317 3140 2.
337 3089 387 3141 lile
404 3100 493 3141 rerum
512 3086 640 3139 leetillnm
659 3088 746 3153 nubet,
768 3090 813 3154 qui
831 3090 962 3142 sincerum
980 3089 1059 3142 hebet

221 3172 409 3223 conscientiam
442 3172 470 3223 ln
498 3171 618 3223 omnibus
650 3172 726 3225 luetis
756 3175 825 3238 suls,
866 3186 916 3228 neo
943 3186 1058 3241 uuquam
