2384 3759
557 361 610 418 155

164 511 261 572 surge,
280 517 400 570 propere,
419 505 441 557 si
456 505 497 558 ris
508 504 638 557 corisum
656 503 762 570 videre3
783 505 858 558 adest
875 517 999 569 praesens

162 604 293 658 corporeo
313 592 424 646 uestitus
441 592 553 654 enatem,
585 603 662 657 poena
680 603 755 644 saera
772 603 889 657 purpura
907 593 997 657 gessit.

162 683 194 733 it
217 679 355 743 presbyter
372 678 482 741 pauidus
494 666 613 741 surgens,
632 677 698 731 vidit
714 689 793 742 super
804 689 875 731 arom
888 689 998 741 puerum
1094 678 1097 684 '

160 765 311 818 sedentem.
350 764 396 816 cui
415 764 540 825 angelus:
559 765 622 826 puin
635 765 764 818 christum
783 765 998 829 praereptione,

159 861 241 916 quern
271 850 322 902 sno
347 849 436 914 speeie
461 849 537 912 penis
554 848 642 902 veritis
659 849 768 902 sacrasti
786 849 910 914 mysticis,
929 861 999 904 nune

160 937 247 990 neniis
265 936 365 1000 inspice
384 939 411 987 et
427 936 509 986 traata
527 934 656 988 mentius.
686 937 756 988 Tune
773 934 881 990 aoeiesti
899 935 999 988 iumine

159 1023 286 1076 sacerdos
303 1022 389 1074 fretus
413 1021 496 1086 (quoi
514 1021 610 1074 mirum
628 1020 699 1073 dictu
721 1020 773 1082 esi)
801 1021 828 1072 in
853 1020 925 1072 ulnis
947 1024 999 1074 tre·

157 1111 296 1163 mentibus
304 1119 415 1171 puerum
427 1107 529 1170 aceepit
539 1111 567 1160 et
578 1110 670 1170 peetus
678 1105 785 1170 proprio
795 1106 893 1170 peeiori
904 1107 999 1160 coristi

159 1195 294 1260 adjunxit,
313 1194 409 1246 deinde
427 1193 549 1256 pertusos
575 1193 604 1244 in
623 1192 759 1255 ampiexus
778 1192 824 1246 nat
841 1191 929 1246 dulcia
946 1193 999 1246 lieo

161 1280 255 1334 oscula
275 1283 302 1332 et
319 1279 373 1331 suis
392 1277 470 1331 labiis
487 1278 582 1342 pressit
610 1277 654 1341 pia
672 1277 743 1330 iaoia
761 1276 864 1330 curisti.
902 1277 999 1340 Quibus

164 1369 202 1420 ita
222 1365 339 1430 peractis
366 1365 481 1418 restituit
498 1375 609 1428 puerum
630 1364 658 1415 in
676 1365 759 1417 Alteri
776 1367 803 1415 et
819 1375 910 1417 rursus
927 1363 1000 1416 humi

162 1457 314 1518 prostratus
332 1451 488 1514 depreeatur
508 1451 653 1514 Dominum,
681 1454 711 1503 ut
726 1450 848 1514 dignetur
865 1451 922 1514 ipse
933 1449 1000 1504 verti

163 1541 190 1592 in
209 1538 326 1603 speeiem
345 1537 490 1601 pristinam.
522 1539 680 1601 resurgens
699 1537 800 1590 inuenit
811 1538 941 1590 christani
958 1547 1000 1588 re·

161 1637 266 1677 rueasse
296 1624 324 1675 in
351 1624 461 1675 iornaru
478 1622 591 1686 priorem
621 1622 703 1675 etsie
729 1623 777 1675 suo
804 1623 892 1686 speeie
910 1621 1000 1674 debite

161 1709 370 1765 communicavit
388 1710 483 1762 etiem.

232 1794 383 1848 secuudum
401 1795 555 1848 miraauionr
578 1797 606 1849 in
625 1797 820 1849 consecratione
838 1792 1000 1847 sacramenti

160 1883 261 1936 iliaris
288 1885 330 1933 ost
354 1882 424 1946 puori
450 1881 596 1934 substantia
624 1882 699 1946 panis
725 1885 840 1935 mutatur
857 1881 884 1932 iu
903 1889 998 1942 corpus

159 1968 270 2028 coristi,
297 1966 366 2032 quod
384 1968 480 2021 sumsit
496 1968 530 2020 ie
547 1967 661 2032 Virgine.
700 1970 731 2022 iit
752 1967 847 2020 iroe'it
864 1968 995 2030 potestate

161 2053 241 2107 veriti
259 2053 315 2116 liei,
346 2053 414 2117 quoti
441 2054 566 2117 probatur
593 2055 676 2106 tribus
693 2053 777 2106 modis
794 2052 851 2104 iieri
869 2063 963 2115 posse:
984 2061 1000 2102 a

158 2138 292 2204 potestati
309 2137 399 2203 simili,
420 2150 435 2191 a
452 2140 558 2203 minori,
584 2153 599 2193 a
618 2140 717 2204 melori.
737 2165 770 2176 -
788 2139 875 2192 Primo
894 2149 909 2188 a
927 2139 999 2201 pote-

159 2229 233 2278 state
255 2223 355 2286 simili,
386 2227 447 2290 quia
474 2225 583 2278 veroum
601 2227 647 2279 iiei
673 2225 847 2278 suostantiam
873 2233 952 2275 unam
971 2221 1000 2274 in

160 2313 246 2364 eiiam
277 2312 461 2364 eommutavit:
491 2323 586 2376 nquam
614 2312 641 2362 in
667 2311 757 2363 vinum
776 2306 941 2372 (Jooo.2.);
971 2307 1000 2362 in

160 2395 298 2449 similibus
316 2396 385 2448 enim
404 2395 491 2447 simite
508 2399 550 2448 est
563 2395 704 2458 iudicium:
736 2396 781 2448 ubi
808 2396 901 2448 similis
925 2404 999 2459 pros·

160 2483 229 2548 cipit
245 2481 339 2545 virtus,
359 2482 453 2535 similis
470 2482 562 2535 ooeaiit
584 2483 702 2537 eiieetus.
739 2483 858 2535 secundo
877 2481 1000 2548 probatur

160 2582 177 2621 a
192 2569 299 2630 minori,
314 2569 424 2634 eoquod
436 2581 487 2632 res,
503 2581 570 2635 qnae
585 2570 876 2633 minuspossuutpuarn
887 2569 996 2622 vertuni

159 2656 219 2718 liei,
237 2667 317 2706 unani
335 2656 509 2708 suostantiam
526 2659 630 2708 inponi
651 2655 678 2708 in
697 2658 816 2708 aiteram.
855 2655 927 2707 Unde
945 2655 995 2707 sai-

161 2741 269 2803 mium,
290 2742 360 2804 quoi
378 2742 542 2805 prouidentia
560 2743 607 2796 Dei
624 2743 783 2796 mutationes
812 2753 899 2795 rerum
917 2741 999 2794 tribus

160 2826 248 2879 modis
266 2826 323 2879 iieri
341 2827 434 2888 voiuit,
463 2829 568 2891 praeter
594 2840 659 2893 quas
677 2830 757 2882 verbo
774 2829 820 2882 Dei
838 2827 911 2889 iacit,
932 2829 999 2890 arte,

160 2917 267 2976 natura,
297 2914 390 2977 gratia.
427 2917 475 2967 Ars
502 2915 572 2966 eninr
595 2915 708 2968 nominis
726 2927 806 2968 unani
825 2911 999 2967 suostantiam

162 3004 248 3053 mutat
266 3000 395 3066 iustiora,
414 3005 444 3052 ut
456 3004 529 3064 patet
547 3002 573 3053 in
591 3001 711 3066 attritae,
732 3004 777 3066 qui
790 3001 869 3054 vitem
885 3000 999 3051 cinerem

166 3091 254 3140 mutat
280 3087 307 3138 in
334 3089 499 3150 praeclarum
527 3091 553 3139 ei
582 3086 672 3139 nobile
690 3087 795 3140 vitrum.
832 3089 899 3148 Ergo
917 3086 1000 3139 rnuito

159 3175 247 3240 menis
265 3174 373 3227 verium
391 3174 445 3226 liei.
483 3173 548 3224 item
566 3175 675 3224 naturae
695 3171 790 3223 virtute
809 3183 876 3234 aqua
902 3177 929 3226 in
947 3173 1001 3227 vite
