2384 3759
609 279 660 334 152

221 521 359 585 Tertium
386 521 580 606 principale.
635 521 686 585 Da
720 521 924 587 mirabilibus
959 524 1057 610 hujus

530 623 738 688 Suoramanm'.

511 797 667 867 CAPUT
694 799 757 865 XI.

226 939 274 995 lie
292 939 419 994 duobus
438 937 550 1008 primis
573 935 786 1005 mirabilibus,
814 952 897 1006 quae
920 937 1005 995 iiunt
1023 940 1053 994 in

501 1022 752 1078 eonsecrationo.

289 1189 401 1242 Tertium
420 1187 601 1251 principaliter
612 1185 753 1238 notandum
767 1187 834 1238 eirca
853 1187 982 1240 dominici
1000 1200 1054 1241 cor·

218 1275 290 1338 poris
307 1275 504 1324 sacramentnm
522 1274 584 1324 sunt
601 1271 733 1324 mirabilia
761 1271 866 1324 divinae
894 1275 1056 1336 operationis

219 1365 342 1422 tanquam
360 1359 445 1422 signa,
473 1353 530 1410 siue
548 1357 680 1414 mirabilia
707 1356 812 1410 divinae
834 1356 946 1410 virtutis.
986 1361 1057 1412 Haec

219 1443 409 1496 consideranda
426 1447 488 1495 sunt
507 1443 532 1494 in
552 1443 647 1496 trihus:
675 1443 700 1496 in
719 1443 841 1496 dominici
861 1445 977 1508 corporis
995 1456 1057 1498 oon·

219 1528 374 1592 secretione,
402 1528 430 1581 ln
457 1527 573 1591 eiusdem
592 1529 755 1591 possessione
784 1531 810 1581 et
827 1531 855 1582 in
872 1531 1055 1594 perceptione.

220 1617 304 1668 Primo
324 1615 393 1667 enim
412 1626 505 1678 eorpus
523 1627 714 1678 consecramus,
743 1615 858 1668 secundo
881 1617 1055 1680 possidemus,

219 1702 295 1754 tertio
333 1702 499 1766 percipimus.
546 1702 631 1753 Primo
660 1703 686 1754 in
714 1703 907 1754 consecratione
935 1704 1056 1756 conside·

218 1789 302 1840 raude
327 1791 389 1840 suut
415 1791 442 1839 et
468 1787 597 1840 credenda
626 1788 675 1840 tria
705 1789 835 1840 mirabilia
853 1789 928 1852 signa
948 1789 1055 1842 diuinae

219 1873 388 1938 operationis.

287 1960 411 2022 Primum,
432 1958 500 2023 qrrod
518 1958 555 2010 ini
573 1957 622 2010 sub
635 1960 723 2022 specie
741 1961 817 2024 penis
836 1963 875 2013 est
893 1973 986 2014 uerum
1001 1973 1055 2014 aor-

219 2059 268 2112 pns
286 2046 397 2110 curisti3
416 2045 559 2097 seeundum
578 2047 647 2109 quod
666 2049 720 2100 tota
738 2047 884 2100 substantia
904 2047 981 2112 panis
1000 2059 1055 2100 mu·

219 2136 290 2184 tatur
307 2134 335 2185 in
354 2144 448 2195 eorpus
467 2131 575 2194 curisti3
597 2135 712 2198 tertium,
733 2135 800 2198 quod
819 2137 935 2186 mutatur
953 2135 981 2186 in
1001 2145 1055 2186 oor·

220 2229 268 2279 pus
289 2217 383 2269 curisti
403 2220 457 2270 tota
474 2216 623 2268 substantia
641 2219 731 2281 panis,
752 2220 788 2272 ita
806 2225 895 2274 tamen
913 2221 984 2284 quod
1004 2232 1055 2272 ma·

219 2307 284 2356 nent
302 2303 448 2354 accidentia
462 2303 546 2366 panis.
576 2304 690 2356 Primum
710 2307 749 2356 est
762 2305 890 2369 mirabile,
910 2306 1055 2358 secundum

172 2409 176 2414 ·
220 2389 376 2450 mirabilius,
396 2388 500 2444 tertium
518 2389 751 2464 mirabilissimam.
788 2395 824 2446 De
843 2391 944 2444 duobus
965 2393 1054 2456 primis

220 2477 264 2528 irio
282 2479 368 2537 potest
387 2476 447 2539 dici,
468 2477 500 2527 ue
519 2477 595 2529 tertio
615 2477 786 2542 insequenti.

290 2562 403 2612 Primum
429 2562 549 2615 mirabile
567 2564 671 2628 signum
699 2564 726 2614 in
753 2563 950 2616 consecratione
969 2577 1054 2616 saera·

219 2647 303 2700 menti
315 2648 409 2698 nitaris
428 2651 477 2710 est,
496 2650 565 2712 quod
583 2650 621 2702 ini
639 2649 687 2700 sub
706 2651 794 2712 speeie
812 2649 886 2712 panis
906 2654 947 2701 est
965 2662 1054 2702 verum

220 2745 313 2796 eorpus
333 2731 437 2791 curisti,
469 2734 537 2796 qnod
560 2735 593 2787 ue
618 2736 723 2798 Virgine
741 2738 842 2788 sumsit.
880 2737 911 2788 Et
929 2739 980 2790 noo
999 2749 1054 2802 pro·

219 2827 297 2878 batur
317 2823 399 2876 tribus
418 2825 514 2876 modis:
543 2827 636 2888 primo,
664 2824 812 2876 testimonio
830 2823 881 2875 tide
900 2823 1050 2886 dignorum3

219 2911 345 2973 secundo,
365 2910 513 2962 testimonio
532 2911 665 2973 signorum
682 2910 868 2974 positivorum;
898 2911 990 2974 tertio,
1012 2911 1052 2962 de-

220 2997 409 3050 monstratione
427 2996 621 3047 miraculorum.

288 3081 373 3134 Primo
393 3106 425 3114 —-
445 3079 496 3132 tide
523 3081 669 3144 dignorum.
708 3083 855 3136 audiuntur
885 3096 949 3148 ergo
978 3089 1052 3139 testes
