2384 3759
535 360 569 415 ti

131 508 226 557 tannen
256 501 377 555 cbristus
401 499 515 555 maxime
542 502 702 564 honoratur,
732 504 800 557 siout
826 503 921 558 dieitur
947 504 974 558 ln

129 590 248 643 bomilia
265 600 347 653 super
363 586 444 640 iliud:
469 589 562 641 omnes
578 588 721 639 bonorate.
762 590 827 641 Item
848 590 912 643 satis
934 594 975 645 est

130 676 250 729 euidens
268 677 463 737 argumentum,
483 673 588 737 quanio
607 674 634 725 in
661 674 784 737 operibus
802 674 899 728 nostris
914 678 975 741 pius

130 764 290 827 quaerimus
307 762 410 824 partem
427 761 491 823 bei,
519 772 596 825 qnam
622 758 726 825 pirum
747 763 872 813 nostram.
910 762 975 815 lium

130 850 164 901 rai
183 850 238 903 itta
255 859 346 911 opera,
367 858 435 911 quae
451 846 567 899 laborem
585 846 693 910 babent,
713 850 738 899 et
751 846 865 911 aliquam
884 860 975 900 conso·

130 936 278 996 lationem,
299 935 331 983 ut
347 929 590 996 suntpraeiieatio,
611 931 750 995 confessio,
770 934 929 997 praelatura,
949 935 977 985 et

132 1020 246 1081 similia,
267 1018 333 1071 iicet
348 1028 473 1080 magnum
490 1018 518 1070 in
536 1018 574 1069 ets
591 1017 626 1069 sit
648 1018 807 1082 perieulum,
831 1023 919 1071 tamen
943 1017 977 1071 ati

130 1118 164 1171 ea
182 1104 302 1171 quilibet
319 1107 361 1155 est
376 1107 491 1175 paratos.
528 1102 568 1163 lb
587 1104 626 1155 eis
652 1116 714 1157 uero
741 1103 881 1171 operibus,
909 1115 977 1169 quae

131 1192 277 1245 continent
293 1193 396 1243 tantum
412 1188 530 1258 taboram
539 1180 548 1251 3
577 1192 605 1241 et
621 1202 674 1243 non
693 1193 920 1254 consolationem,
947 1194 977 1245 ut

129 1276 244 1341 ieiunia,
266 1274 392 1338 signiae,
412 1274 579 1337 recipitne,
608 1280 636 1328 at
651 1276 765 1341 similia,
793 1278 857 1331 lieet
874 1272 976 1331 nullum

132 1363 161 1415 in
180 1362 223 1415 eis
241 1360 281 1413 sit
297 1360 461 1423 partenium,
491 1359 601 1424 quilibet
623 1366 710 1415 tamen
735 1363 768 1415 ab
791 1364 829 1417 eis
853 1362 975 1427 abstinet,

136 1450 271 1513 quantum
288 1449 383 1510 potest.

391 1794 547 1866 CAPUT
568 1800 739 1865 XXVIII.

449 1954 499 2011 lie
517 1954 675 2011 liban-iate.

214 2126 242 2181 1.
262 2128 381 2182 Libertas
398 2140 459 2193 uera
477 2132 535 2193 est,
563 2141 615 2181 non
643 2140 700 2181 esee
728 2126 852 2201 ligatum¹
869 2124 980 2181 vinantis

139 2208 326 2282 peecatorum,
343 2226 412 2279 quae
430 2224 491 2267 vere
509 2214 601 2278 ligant,
616 2213 693 2277 turta
717 2212 800 2265 iilud:
826 2210 982 2277 iniquitates

133 2314 208 2355 snae
227 2301 336 2364 capiunt
353 2300 475 2364 impium3
503 2296 658 2352 ottonibus
685 2301 849 2363 peecatorum
876 2310 982 2352 suorum

139 2385 341 2448 oonstrinqttur,
371 2381 464 2448 (frua.
484 2380 510 2449 5,
530 2380 590 2445 22.)
625 2384 656 2437 lit
673 2384 730 2437 iere
746 2384 979 2449 laoiuntservum,

138 2475 219 2538 inita
236 2471 317 2525 ilino:
336 2471 433 2535 omnis,
452 2472 497 2537 qui
516 2470 581 2525 tacit
596 2474 742 2535 penaten,
761 2483 851 2525 servus
864 2474 904 2523 est
921 2482 982 2535 peo-

140 2559 204 2614 anti.
245 2559 345 2618 (loun.
365 2554 393 2621 8,
411 2553 470 2618 34.)
492 2559 605 2611 Pectore
623 2556 693 2609 eninr
711 2570 765 2609 non
782 2556 907 2623 libertas,
933 2570 983 2611 neo

142 2656 209 2709 pars
231 2642 378 2706 libertatis,
405 2647 436 2696 ut
462 2642 527 2696 dicit
548 2644 700 2697 Anselmus:
730 2643 776 2695 soti
801 2649 841 2698 est
868 2644 982 2707 pessima

141 2730 246 2794 speeies
264 2729 407 2782 servitutis.
444 2728 482 2782 Ab
498 2730 549 2781 bra
565 2728 654 2793 speeie
672 2729 806 2783 seruitutis
818 2742 895 2783 nemo
915 2730 982 2782 iibe-

141 2818 228 2877 rator,
246 2814 298 2867 nisi
314 2815 397 2867 solius
413 2814 471 2870 rttti
488 2816 534 2868 liei
551 2814 670 2878 auxilio,
700 2816 757 2877 ipso
776 2818 858 2869 teste:
887 2814 915 2867 Si
933 2826 981 2867 vos

144 2901 227 2957 illins
244 2900 406 2964 liberaverit,
426 2912 490 2954 rere
505 2900 584 2954 tiberi
603 2900 682 2954 eritis.
702 2900 801 2962 (loon.
822 2896 848 2961 8,
869 2895 929 2957 36.)

215 2982 242 3039 2,
261 2986 354 3058 lteram
372 2986 522 3040 libertatem
547 2987 644 3051 babet,
674 2986 717 3051 qui
745 2996 798 3037 non
825 2987 865 3035 est
892 2986 984 3043 capum

145 3073 266 3139 appetitu
281 3083 368 3125 rerum
386 3072 579 3135 temporalium,
597 3082 649 3125 neo
667 3070 746 3123 lande
764 3068 807 3120 usi
826 3068 918 3117 lavore
936 3065 984 3116 ho-

145 3160 256 3222 minum,
275 3170 325 3211 nee
341 3161 447 3223 propria
465 3157 610 3221 placentia,
637 3156 681 3208 vel
700 3149 865 3212 displicentia
884 3146 984 3209 aliena,
