2384 3759
618 347 670 404 190

226 489 407 544 soecularibus
424 489 537 553 negotiis
553 489 583 542 tn
595 491 697 542 tautum
714 499 743 540 se
755 490 893 550 occupem,
912 491 944 541 ut
960 499 1066 542 secum

227 576 437 632 communionem
463 574 551 628 debito
577 578 695 638 tempore
722 585 825 626 sumere
842 574 991 638 negligant.
1030 577 1067 630 be

227 664 270 716 bis
290 663 381 716 llattb.
394 657 438 724 22,
452 657 492 712 b:
513 661 556 714 lili
573 663 662 714 autem
680 661 844 724 negligentes
863 659 999 726 abierunt,
1021 662 1067 716 alti

227 750 257 802 iu
274 750 366 802 villam
382 758 467 809 suam,
497 746 544 798 alii
569 746 599 798 iu
616 745 822 811 negotiationem
838 757 923 798 suam.
965 747 1065 800 illese:

228 835 257 887 lu
275 836 368 887 villam
386 834 424 885 ire
443 834 483 886 est
499 835 604 885 terreno
631 833 715 884 labori
734 831 903 885 immoderate
921 833 1065 898 insistere,

228 921 258 973 iu
283 919 488 984 negotiationem
514 927 587 982 vcro,
616 918 727 970 terrenis
755 918 834 970 lucris
852 917 931 970 ulmis
951 919 1064 974 inhiare.

229 1007 314 1069 Tales,
333 1006 377 1072 qui
395 1005 533 1071 orantium
552 1003 636 1057 divini
647 1003 804 1061 sacramenti
823 1003 964 1067 negligunt
974 1009 1067 1071 quam-

228 1093 269 1146 vis
286 1092 364 1144 uelem
382 1096 409 1144 et
426 1092 553 1156 quaedam
565 1102 645 1154 opera
658 1091 774 1144 caritatis
792 1089 890 1142 babere
912 1091 1066 1156 videantur,

228 1182 319 1231 tamen
335 1177 387 1230 nisi
403 1177 563 1242 poeniteant,
583 1175 713 1241 peribunt.

301 1264 386 1317 Tertio
406 1266 620 1326 contemnentes,
653 1263 696 1328 qui
715 1263 860 1315 sceleribus
883 1266 958 1316 tauto
976 1275 1069 1317 amore

228 1349 376 1410 inhaerent,
405 1348 475 1414 quob
496 1361 590 1415 corum
607 1349 709 1402 Domini
732 1348 933 1414 parvipendant.
969 1351 1009 1403 Ite
1028 1353 1068 1403 bis

229 1429 417 1499 toau.3,19.:
438 1436 493 1488 lloc
509 1439 551 1489 est
565 1435 702 1499 indicium,
722 1436 783 1500 outa
800 1437 847 1488 lun
861 1435 933 1488 veuit
950 1434 978 1488 in
992 1448 1068 1489 mun·

230 1521 293 1574 uum
320 1525 347 1574 et
373 1521 524 1574 dilexerunt
551 1522 670 1576 bomines
687 1521 771 1586 magis
790 1522 912 1574 tenebras
930 1533 1011 1587 quam
1029 1523 1069 1574 lu-

231 1621 302 1673 cem;
334 1613 410 1660 erant
435 1609 506 1660 euim
533 1620 624 1660 eorum
651 1620 731 1672 onera
760 1609 846 1670 maia;
877 1608 952 1672 quasi
980 1609 1066 1660 dieat:

230 1697 304 1750 tosto
326 1694 427 1760 iudicio
454 1695 715 1748 excommunicantur
741 1697 768 1746 et
784 1693 1003 1756 condemnantur,
1024 1695 1069 1759 qui

230 1783 292 1846 ulus
310 1782 423 1846 diligunt
448 1782 563 1845 peccatis
588 1781 728 1834 inhaerere
754 1791 832 1845 quam
861 1791 890 1832 se
908 1792 1068 1844 praeparare

232 1868 364 1921 Cbristuui
393 1867 534 1930 suscipere.
573 1869 676 1921 canon:
703 1865 750 1928 Qui
780 1878 826 1930 uro
850 1866 997 1919 sceleribus
1014 1867 1068 1920 suls

232 1955 277 2008 tel
302 1954 384 2007 tribus
410 1954 487 2008 anuis
517 1966 570 2006 uon
601 1952 796 2006 communicant
824 1953 1068 2006 excommunicandi

232 2043 303 2102 suut,
322 2039 405 2092 donec
422 2039 611 2103 poenitentiam
630 2042 716 2103 agant.
731 2039 858 2091 —Nemo
876 2039 993 2092 virorum
1012 2041 1067 2092 illo

231 2139 300 2188 rum,
319 2126 363 2191 qui
381 2126 467 2180 uocati
485 2130 556 2189 suut,
575 2125 692 2190 gustabit
709 2137 817 2178 coenam
836 2137 931 2177 meant.

303 2213 451 2265 secundum
477 2212 547 2266 circa
570 2215 641 2264 bunc
662 2211 769 2266 modurn
793 2210 1014 2264 considerandum
1032 2215 1069 2264 est

233 2299 386 2363 magnitudo
412 2298 547 2352 felicitatis
573 2298 717 2362 bonorum,
746 2310 839 2362 corbus
867 2296 962 2350 coristi
991 2299 1069 2362 digne

233 2386 400 2438 sumentium.
436 2386 467 2438 Et
482 2387 532 2438 boc
549 2386 675 2449 probatur
693 2397 709 2438 o
727 2384 823 2447 tribus;

303 2469 388 2522 Primo
405 2483 439 2522 ex
452 2472 567 2534 opimae
579 2472 661 2535 partis
673 2471 811 2534 electione,
831 2469 892 2534 qula
910 2469 983 2522 sicot
994 2471 1070 2524 beata

235 2554 311 2617 virgo
329 2555 379 2605 sibi
397 2568 412 2607 e
431 2557 513 2609 tribus
531 2557 683 2622 propositis,
711 2569 747 2610 sc.
768 2569 826 2610 esse
844 2558 954 2608 matrem
974 2559 1003 2609 et
1020 2568 1069 2610 nou

234 2637 373 2701 virginem,
401 2643 444 2692 vel
469 2654 527 2695 esse
544 2645 673 2708 virginem
697 2646 724 2696 et
741 2655 793 2694 non
811 2647 931 2706 matrem,
951 2645 996 2696 vel
1015 2653 1069 2696 esse

234 2724 365 2789 virginem
384 2729 411 2776 et
426 2733 547 2793 matrem,
566 2731 687 2784 ultimam
706 2731 733 2782 et
745 2728 869 2793 optimam
886 2739 922 2780 sc.
945 2741 1005 2781 esse
1017 2741 1068 2780 nra·

235 2817 302 2866 trem
328 2815 354 2862 et
381 2810 510 2874 virginem
536 2815 616 2868 simul
635 2815 729 2878 elegit:
758 2815 796 2868 sic
819 2815 961 2868 interires
980 2814 1067 2868 modos

235 2908 329 2960 coruus
347 2895 442 2947 cbristt
468 2900 642 2952 manducandi
666 2903 803 2964 elegerunt
825 2900 952 2963 optimam
971 2907 1066 2964 parton

237 2994 272 3034 sc.
302 2982 529 3034 sacramentaliter
554 2990 583 3037 et
607 2987 781 3048 spiritualiter
806 2987 899 3050 simul;
927 2991 956 3040 et
982 2987 1021 3040 sic
1037 2998 1066 3038 ex

237 3069 350 3127 utraque
368 3067 451 3126 porte,
471 3067 539 3130 quod
552 3070 645 3122 melius
658 3075 706 3130 est,
727 3073 867 3125 comeduut
878 3077 905 3126 et
917 3072 978 3125 idco
991 3074 1066 3126 multo

237 3148 331 3200 f0¹¹⁰⁹⁸
364 3150 433 3198 ⁵⁰⁰¹*
476 3150 545 3204 ΕΜ.
564 3149 655 3216 8,15:
683 3157 799 3214 mutavi
825 3159 906 3224 igitur
931 3153 1065 3222 laetitiam,
