2384 3759
528 386 579 443 121

137 531 275 597 signidcat.
311 528 367 583 ttae
392 528 433 581 itis
459 530 545 581 bonae
570 532 633 582 sont
659 528 750 593 vane,
778 528 838 595 qma
856 532 971 585 mentem

137 622 164 669 et
179 624 285 676 carnem
305 628 321 667 a
338 614 427 667 morto
444 626 542 679 pravae
560 614 787 678 concupiscentiae
804 621 905 669 sanant.
929 614 969 669 tt.

137 705 197 767 neg.
214 699 261 766 20,
281 698 306 754 7.
334 728 369 737 -
397 701 434 753 lta
450 701 540 753 tectio:
570 700 726 753 Benedictus
749 701 848 753 tructus
871 701 970 755 ventris

137 788 184 850 tui,
205 786 276 850 (Luc.
298 784 324 848 1,
343 782 401 850 42.)
423 796 517 850 eorpus
534 797 570 839 sc.
591 786 699 849 curisti,
722 786 790 851 quod
812 791 853 839 est
871 786 971 839 tructus

137 876 216 936 ritae,
235 873 330 927 vatem
348 873 382 924 ad
400 872 604 925 destructionem
623 874 759 937 genennae
777 876 804 925 et
820 870 970 935 acquisitio·

137 972 197 1013 nem
215 960 286 1012 uitae
303 960 436 1011 aetemoe.
473 958 582 1023 Lignum
600 959 671 1011 vitae
689 962 729 1011 cst
746 959 796 1021 tuto,
816 959 860 1022 oui
878 968 970 1021 appre-

137 1046 278 1099 henderint
304 1056 371 1097 eam.
398 1041 617 1108 (Pror.3‚18.)
653 1044 718 1097 tttnc
746 1040 969 1107 diciturds.13,

137 1129 188 1185 14:
217 1134 267 1185 Ero
284 1142 356 1184 mors
373 1135 418 1185 tua
445 1142 556 1183 omors.
593 1130 726 1185 titinius:
757 1132 869 1194 Accepta
891 1138 970 1183 carne

136 1218 239 1271 Domini
256 1223 286 1269 et
303 1219 397 1269 hausto
415 1217 543 1281 sanguine
561 1216 588 1268 id
606 1214 727 1279 efficitur,
755 1219 784 1269 ut
802 1226 848 1269 nos
866 1216 894 1269 tn
912 1217 969 1280 ipso

136 1305 238 1368 etipse
255 1304 285 1357 in
296 1301 372 1355 nobis
389 1302 432 1355 sit.
461 1302 531 1355 Haec
548 1305 589 1355 est
606 1314 668 1366 orso
681 1314 759 1357 cansa
771 1302 841 1357 uitae
852 1306 967 1365 nostrae,

136 1391 204 1455 quod
224 1391 252 1441 in
269 1388 346 1441 notris
364 1387 513 1441 carnatibus
530 1398 699 1451 peromnem
717 1386 824 1453 curisti,
845 1389 889 1455 qni
906 1400 969 1442 vere

137 1478 192 1529 uita
209 1479 260 1539 est,
281 1479 430 1527 manentem
448 1473 584 1537 notemus,
604 1474 699 1527 victuri
715 1486 763 1538 per
781 1486 840 1529 eum
859 1486 890 1527 ea
908 1486 968 1527 con·

137 1562 246 1625 ditione,
267 1573 320 1625 qun
336 1560 404 1613 uiuit
420 1559 477 1625 ipse
494 1570 542 1622 per
559 1563 671 1623 patrem,
691 1559 735 1624 qui
753 1560 781 1613 tn
800 1572 831 1613 eo
850 1566 897 1614 est.

442 1871 597 1972 curun
621 1874 667 1939 11.
726 1847 730 1856 '

134 2012 182 2070 lte
200 2013 309 2085 prima
326 2026 425 2067 causa
443 2012 651 2068 institutionis
670 2028 728 2083 per
744 2028 794 2069 se:
813 2012 968 2069 memoria

152 2098 336 2156 salvatoris
353 2099 441 2154 etde
459 2098 707 2169 praeparatione
725 2098 766 2153 ad
780 2096 950 2168 indictum.

185 2242 273 2293 Prima
300 2250 380 2291 eausa
397 2239 567 2292 institutionis
588 2239 745 2291 sacramenti
764 2238 887 2293 dominici
907 2242 967 2293 Cor·

133 2328 206 2389 poris
224 2334 266 2379 est
283 2325 408 2377 memoria
425 2325 577 2389 salvatoris,
605 2326 674 2379 circa
692 2336 770 2389 quam
792 2324 841 2377 tria
859 2329 968 2390 possunt

133 2413 234 2477 quaeri.
266 2412 364 2465 Primo
382 2411 443 2475 quid
461 2410 525 2463 maii
543 2411 670 2477 sequitur,
689 2410 712 2463 si
731 2410 855 2464 memoria
867 2411 967 2465 Domini

133 2498 215 2552 tuerit
241 2497 346 2550 relicta.
382 2499 413 2550 dt
430 2498 568 2551 dicendum
587 2498 657 2563 quod
675 2498 784 2560 triplex:
804 2510 840 2552 so.
862 2500 968 2553 omnnio

133 2586 237 2652 gratiae
255 2585 370 2649 dirime,
389 2584 515 2650 subjectio
532 2584 670 2650 potestatis
688 2584 844 2649 diobolicae,
872 2599 968 2651 magna

133 2673 287 2726 deformitas
299 2672 400 2736 culpae.
421 2698 454 2707 -
472 2673 623 2737 deprimo:
644 2674 699 2727 Eris
714 2672 826 2740 deserta,
843 2673 905 2739 quia
922 2676 968 2729 otr-

132 2760 182 2813 tita
200 2771 230 2811 es
247 2758 294 2810 Dei
312 2759 436 2812 creatoris
455 2759 501 2811 tui.
519 2760 575 2821 (lo.
590 2759 633 2823 17,
647 2756 707 2822 20.)
725 2761 764 2814 ct.
779 2760 852 2815 Dent
864 2758 908 2824 22,
923 2758 965 2813 18.

131 2848 201 2900 Ecci.
219 2842 265 2908 20,
292 2841 337 2897 13.
357 2871 391 2881 -
409 2845 445 2897 lie
471 2846 599 2899 secundo:
631 2847 710 2901 onitu
737 2850 799 2899 sunt
816 2850 862 2901 uei
880 2848 921 2900 sui
940 2850 967 2901 et

132 2932 243 2987 tradidit
260 2942 306 2984 eos
323 2932 351 2985 in
369 2942 463 2984 manus
479 2931 597 2994 sisarae,
629 2933 645 2986 i.
667 2946 690 2985 e.
716 2936 840 3001 potestati
859 2933 966 2987 diaboti.

131 3017 212 3082 (lud.
234 3016 263 3083 3,
283 3014 324 3079 i.)
360 3019 398 3071 ct.
419 3018 480 3073 Tot).
501 3014 636 3082 6,17.-
656 3022 690 3073 tic
709 3021 802 3073 tertio:
822 3022 895 3074 Sicut
913 3032 966 3075 non

131 3107 320 3170 probauerunt,
340 3105 358 3157 i.
378 3118 402 3157 o.
429 3106 569 3157 notuerunt
592 3106 674 3159 Deum
697 3108 793 3159 habero
821 3107 846 3157 in
866 3106 966 3169 notitia,

131 3192 243 3247 tradidit
262 3192 322 3245 titos
340 3192 368 3243 in
386 3192 524 3255 reprobum
543 3203 658 3253 sensum,
679 3196 708 3243 ut
726 3188 823 3241 fuciunt
841 3202 882 3250 eo,
902 3201 968 3253 quac
