2384 3759
604 388 640 445 io

202 545 282 599 quem
300 536 389 585 tamen
407 531 515 594 sapiens
527 531 594 583 uena
612 540 659 592 pro
672 530 757 581 sainte
769 529 882 592 plurium
895 528 1049 584 animarum

205 618 371 672 invenditum
390 616 563 669 cunservavit.

275 700 302 753 4.
321 704 507 767 Argumentum
526 700 587 752 taisi
606 698 826 763 ferrariensium,
852 700 897 764 oui
915 700 949 751 aie
968 700 1048 763 spiri·

201 790 322 846 tualibus
349 787 470 852 opemnus
497 786 582 849 mama
608 784 727 837 solicitus
752 789 793 837 est
814 796 862 847 pro
878 786 1044 850 muneribus,

203 886 283 939 quam
302 886 349 938 pro
368 873 515 926 animabus.
549 870 621 922 lulis
637 869 711 934 peior
726 874 769 923 eat
780 870 897 934 diabolo,
916 873 962 936 qui
981 870 1046 935 figu-

205 962 280 1013 rator
298 960 325 1011 in
344 971 407 1023 rege
425 958 610 1020 Sodomam,
636 956 679 1021 qui
702 956 768 1008 dixit
790 957 823 1011 ari
842 956 990 1010 Abraham:
1009 958 1045 1009 lia

205 1046 401 1107 111111111111,
422 1048 526 1097 caetera
543 1029 607 1094 tolie
625 1041 688 1093 tior:
708 1044 788 1103 (cen.
809 1038 855 1105 14,
880 1040 936 1105 21.)
955 1048 984 1096 et
1001 1044 1045 1107 qua

204 1131 319 1194 amplius
346 1130 450 1182 laborat
474 1138 521 1190 pro
548 1126 663 1179 amicitia
690 1127 842 1191 nominum,
872 1130 915 1181 uel
943 1129 1044 1191 lavore,

207 1227 287 1281 quam
311 1225 359 1277 pro
381 1224 472 1266 eorum
490 1214 630 1265 sanctitate
648 1216 675 1265 et
696 1213 864 1276 perfectione.
903 1214 973 1266 laiis
990 1226 1045 1267 non

206 1302 295 1364 potest
313 1299 402 1351 dicere
418 1310 477 1351 oum
494 1300 631 1362 Apostolo:
655 1298 711 1351 lion
733 1310 843 1363 quaero,
866 1310 934 1363 puae
958 1304 1045 1353 vestra

205 1390 278 1448 aunt,
297 1384 345 1436 seii
363 1396 419 1437 uos.
442 1385 491 1443 (ll.
511 1386 575 1437 tior.
596 1380 644 1446 12,
674 1381 732 1445 14.)
771 1384 919 1437 Notandum
943 1388 1043 1449 autem,

204 1470 274 1536 poci
292 1471 441 1534 unicunque
459 1469 510 1521 duo
527 1473 636 1521 movent
657 1468 691 1521 ati
716 1468 821 1533 aliquoi
839 1480 918 1533 opus,
941 1470 1047 1523 scilicet

203 1556 283 1620 Deua,
300 1559 328 1607 et
345 1554 445 1619 aiipuirl
463 1554 545 1617 alini,
564 1552 706 1606 difficulter
718 1556 890 1618 cognoscitur,
910 1556 1046 1620 quidplus

204 1646 326 1705 moreau
352 1640 427 1694 verbi
453 1640 552 1705 maiia:
580 1639 699 1703 Aliquem
727 1642 816 1692 movet
842 1640 876 1692 atl
899 1641 1046 1694 audiendas

204 1727 393 1791 confessiones,
412 1727 455 1779 uei
473 1726 507 1779 all
525 1725 633 1789 aliquod
651 1724 788 1788 spirituale
806 1725 877 1777 salus
896 1727 1045 1779 animarum

204 1816 235 1867 ct
250 1825 312 1879 spes
329 1814 405 1876 lucri,
424 1813 468 1865 vel
486 1811 570 1874 lover,
588 1811 632 1862 vel
645 1810 786 1873 placentia,
808 1812 851 1864 uei
864 1810 982 1876 libertas,
1002 1812 1045 1865 nel

203 1899 292 1964 sliam
312 1899 366 1952 aiio
384 1896 538 1949 delectatio:
552 1897 601 1948 -lic
619 1894 762 1949 difficulter
784 1896 955 1957 riisoemltur,
981 1898 1045 1962 quiri

203 1984 313 2037 lstomm
339 1982 424 2047 magis
451 1980 551 2034 amciat
577 1980 694 2033 animum
720 1972 875 2035 loborantis.
921 1984 1045 2035 Attamen

203 2068 313 2123 euidens
331 2071 513 2132 argumentum
540 2072 597 2131 est,
626 2068 694 2132 quoii
721 2067 820 2131 aliquio
847 2067 1044 2131 praedictorum

204 2156 265 2218 plus
282 2158 395 2217 moreat,
416 2164 494 2217 quam
512 2153 579 2206 liena
597 2154 640 2205 rei
659 2153 803 2205 animarum
817 2154 898 2217 solua,
918 2166 978 2205 cnm
997 2167 1044 2208 au·

203 2240 246 2293 tiit
262 2240 321 2303 pum
333 2239 459 2292 libentius
472 2238 577 2300 divites,
596 2239 708 2303 nobiles,
725 2238 844 2303 iuuenes,
864 2243 891 2291 et
903 2239 1043 2305 formosos,

204 2337 284 2391 poam
302 2336 442 2388 paupera,
459 2323 598 2389 ignobiles,
617 2336 694 2377 aenea
712 2328 739 2377 et
757 2324 897 2377 deformes.
935 2326 967 2377 lit
984 2338 1044 2378 curn

204 2411 310 2474 saepius
327 2415 355 2463 et
371 2410 471 2461 (lintius
489 2410 635 2464 delectatur
653 2420 710 2461 asae
729 2422 788 2463 cum
801 2410 867 2472 istis,
887 2421 964 2475 quam
983 2422 1044 2463 eum

205 2495 271 2557 iliis,
291 2498 318 2546 et
334 2495 401 2547 iorte
420 2504 479 2547 oum
497 2494 590 2547 minori
609 2494 709 2547 noctu:
734 2506 793 2547 cum
818 2499 906 2548 tamen
928 2496 969 2549 iiii
989 2500 1044 2548 tam

203 2585 308 2632 saneim
325 2580 498 2634 conscientias
515 2581 638 2642 labeoni,
659 2572 801 2644 promisti,
822 2582 864 2633 vei
882 2582 1045 2645 sanctiorem

204 2670 233 2719 et
249 2669 360 2730 tantum,
380 2668 424 2719 uel
441 2666 554 2729 amplius
572 2665 697 2718 obediant
720 2666 853 2728 consiliis,
880 2678 959 2731 quam
982 2668 1041 2732 lsti;

203 2753 234 2804 et
250 2754 361 2814 tantum,
382 2754 425 2805 uel
444 2754 503 2817 pios
522 2752 646 2804 studeant
657 2752 820 2816 perfectioni,
842 2764 919 2817 quam
936 2752 994 2813 isti:
1017 2756 1045 2805 ct

204 2840 324 2898 unium,
344 2839 388 2890 uei
404 2838 465 2901 plus
483 2837 607 2899 placeant
624 2838 694 2900 lieo,
724 2848 800 2901 quam
827 2836 885 2901 isti3
912 2840 981 2889 teste
998 2837 1045 2890 la·

203 2922 285 2977 colo:
303 2925 395 2977 lionae
412 2924 482 2976 liena
499 2922 580 2983 elegit
602 2934 731 2985 pauperes
754 2924 782 2975 in
799 2925 848 2975 hoo
866 2922 978 2985 mundo,
1003 2922 1043 2974 tii·

205 3009 275 3062 uites
292 3009 320 3059 in
337 3008 398 3072 tide,
416 3012 444 3058 et
461 3007 587 3058 haeredes
609 3010 693 3071 regni,
715 3010 782 3071 puotl
803 3008 953 3073 repromisit
973 3010 1044 3061 licus

204 3092 375 3155 eligentibus
401 3092 448 3143 aot
482 3091 532 3142 vos
558 3098 646 3151 autom
673 3094 855 3147 exhonorastis
884 3106 1041 3158 pauperem,

203 3177 282 3235 (luc.
297 3173 324 3239 2,
337 3173 363 3227 ὃ.
378 3173 417 3239 6.)
435 3176 537 3229 scillcet
553 3179 638 3240 ipsum
656 3190 709 3231 nou
727 3184 856 3234 curantes.
897 3182 927 3233 iu
946 3180 1045 3246 qulbus
