2384 3759
533 386 585 441 105

137 532 175 583 tit
192 527 263 581 ninii
282 526 389 591 omissi
406 531 453 581 aot
469 529 549 581 vaiet
577 527 752 590 quantitatem
771 530 869 585 doloris
888 530 974 594 exori·

136 616 185 669 mit
200 614 350 677 ieremias,
381 624 441 667 cum
458 614 536 668 dicit:
568 613 609 677 (6,
629 611 686 680 26.)
716 616 823 669 Luctorn
845 617 975 683 unigeniti

136 703 178 755 iac
209 701 268 755 tini
300 702 374 754 iianc
402 702 536 765 praecenit
562 701 687 755 Dominus
717 702 745 755 in
770 702 900 767 iniisti,
920 701 974 768 13.)

136 789 243 842 dicens:
274 787 394 840 scindite
422 788 503 841 corna
525 792 620 840 vestra.
658 788 696 841 Ati
726 790 793 841 iane
822 790 975 845 scissionem

138 873 352 937 serenissime,
371 874 450 935 atari,
469 874 569 938 uirgae,
588 874 712 938 nagelta,
744 886 808 927 crox
826 878 853 927 et
870 876 973 939 iancea,

137 972 206 1025 qnae
235 958 394 1012 scindebant
421 970 517 1023 cornus
545 959 648 1012 nomini
678 960 759 1012 nostri
786 960 848 1019 iesu
872 960 975 1013 curisti.

138 1048 207 1099 Vera
225 1045 351 1099 contritio
368 1056 428 1098 rara
447 1048 505 1108 est,
523 1048 591 1098 teste
609 1046 638 1099 Ι).
659 1045 795 1109 Gregorio:
825 1046 974 1110 sciendam,

138 1132 211 1197 quoti
237 1135 303 1185 sont
318 1130 443 1194 qnidam,
473 1131 519 1195 qni
536 1131 618 1183 etiam
634 1132 768 1185 saeculnm
786 1132 973 1197 relinquentes,

137 1220 224 1271 totnnr
253 1216 377 1281 quidem,
408 1216 476 1281 quod
493 1214 610 1279 nabent,
641 1217 766 1282 otiernnt3
797 1222 824 1271 et
842 1223 929 1272 tamen
947 1219 975 1273 in

139 1304 235 1369 nonis,
255 1314 325 1368 quae
340 1306 441 1367 agunt,
473 1314 526 1355 non
543 1309 761 1369 compungantur.
791 1305 844 1358 Neo
872 1318 976 1371 sennen

138 1390 300 1443 credentium
319 1393 368 1450 est
386 1400 475 1443 veram
492 1402 552 1442 esse
568 1391 810 1455 compunctionem,
831 1391 875 1444 ubi
893 1393 975 1457 genti·

140 1481 184 1531 tas
212 1478 345 1540 apparent
362 1478 390 1527 et
414 1476 547 1529 lacrimae.
588 1476 652 1529 iiam
681 1487 716 1528 ex
746 1476 839 1530 timore
869 1477 974 1541 interni,

139 1564 185 1615 oet
202 1572 237 1615 ex
256 1561 466 1615 consideratione
484 1561 596 1626 artorius
613 1561 720 1625 damni,
748 1563 792 1616 uei
810 1574 843 1615 er
861 1563 975 1615 naturali

141 1648 244 1711 dolore,
262 1649 308 1703 oei
324 1661 359 1701 ex
376 1648 489 1701 naturaii
507 1648 687 1714 compassione
708 1660 787 1713 scene
806 1650 894 1701 soient
910 1648 975 1701 tatia

139 1734 298 1799 provenire:
327 1746 387 1787 cnm
403 1735 556 1787 recordatur
578 1734 674 1800 aiiqnis
693 1735 875 1789 enormitatem
893 1734 976 1786 scele-

138 1832 197 1875 mm
224 1831 351 1882 suornm,
382 1821 426 1873 vei
454 1821 608 1874 acerrimam
627 1821 775 1884 passionem
792 1822 853 1875 iesu
872 1820 973 1873 coristi.

139 1908 177 1961 tii
207 1919 299 1961 nerano
329 1906 513 1960 contritionem
542 1907 658 1971 exigitor
687 1908 763 1961 dolor
791 1908 824 1959 ne
854 1906 975 1959 omnious

138 1994 257 2056 peccatis
273 1992 438 2055 commissis,
465 1995 494 2045 et
516 1991 550 2044 de
567 1994 688 2046 omnious
705 1994 781 2047 nonis
799 1993 920 2053 omissis,
949 1995 977 2045 et

139 2079 173 2133 ne
202 2079 327 2133 omnious
353 2079 599 2142 monuerimus
625 2079 676 2133 sini
695 2074 722 2131 ‘at
738 2080 918 2132 universitati:
949 2082 977 2131 et

137 2167 220 2220 mam
238 2177 307 2231 qnae
325 2165 463 2219 occasione
474 2164 516 2217 sni
525 2166 654 2219 committi
663 2166 707 2219 vei
716 2165 814 2229 negligi
824 2168 973 2229 notuerunt,

208 2247 236 2304 2.
254 2250 295 2305 Ati
312 2261 402 2304 veram
419 2251 602 2304 contritionem
621 2250 746 2303 inducere
763 2262 811 2303 nos
831 2250 925 2315 debet,
953 2250 976 2303 si

138 2337 428 2400 coenomanorum,
447 2336 510 2401 qnia
527 2349 575 2401 nor
592 2340 729 2401 peccatum
748 2336 895 2389 amisimus:
926 2338 977 2390 sci·

137 2425 218 2487 iicet,
249 2423 376 2486 Sniritnnr
402 2427 522 2477 sancmm
548 2434 607 2477 com
634 2423 689 2475 suis
717 2423 802 2486 donis,
833 2434 976 2488 omnesque

137 2510 238 2575 gratias
256 2510 401 2573 gratuitas,
434 2509 575 2563 amicitiam
594 2508 741 2572 Trinitatis,
773 2510 976 2575 societatemque

137 2597 262 2651 coelestis
273 2595 371 2648 curiae.
397 2597 472 2659 item,
490 2595 553 2659 qnid
571 2594 760 2659 adquisivimus
772 2598 974 2658 pernoctatum,

137 2687 275 2737 aeternam
301 2680 404 2734 sciiicet
429 2687 558 2746 mortem,
588 2682 801 2735 maledictionem
818 2682 864 2734 nei
881 2683 1000 2743 Patris,-

137 2772 208 2823 taste
233 2767 388 2821 Psalmista:
408 2768 557 2830 maledicti,
588 2769 634 2833 qui
660 2768 828 2821 declinante
846 2767 977 2819 mandatis

137 2856 206 2908 inis:
227 2852 290 2918 (Pa.
311 2849 372 2917 118,
391 2850 450 2912 nt.)
469 2854 557 2906 onium
574 2852 677 2906 iionrini
695 2854 777 2908 nostn
795 2854 856 2907 iesu
873 2850 977 2917 christi,

139 2942 185 3007 qni
211 2938 269 2993 otiit
297 2950 390 2993 onnes
408 2942 549 3003 onerantes
566 2938 748 3003 iniquitatem:
780 2938 976 3001 elongationem

137 3026 254 3090 spiritus
271 3024 374 3088 canen,
405 3026 450 3090 qni
480 3024 560 3077 mam
577 3024 665 3079 anteri
682 3038 712 3079 se
731 3038 746 3078 a
765 3020 974 3086 cogitationibus,

138 3124 207 3178 qnae
224 3114 287 3163 sunt
303 3110 363 3163 sine
378 3110 526 3173 inteiiectn‚
545 3110 615 3163 sicut
632 3109 729 3161 dicitur
745 3108 773 3159 in
792 3107 858 3157 iinro
868 3105 976 3167 santen-

139 3197 203 3251 tiae.
235 3192 277 3259 (1,
294 3191 339 3257 5.)
374 3196 456 3249 unito
486 3194 569 3259 magis
605 3196 695 3247 antetn
723 3188 756 3240 ao'
786 3186 827 3238 nis
856 3187 977 3247 oneribus
