2384 3759
521 368 573 457 aar

118 546 218 607 prima
237 555 355 606 causo,
384 544 416 595 ut
437 554 492 597 noar
509 544 568 595 scil.
586 544 723 606 admoniti,
753 546 832 597 totam
851 547 965 598 mentem

120 634 145 682 et
163 643 262 683 omnes
280 641 374 682 sensus
392 632 504 693 nostros,
524 641 590 692 quos
604 642 618 680 a
632 631 683 683 beo
702 630 843 683 avertimus
862 634 888 683 et
906 644 965 685 cum

119 718 208 778 pravis
228 716 391 781 qnandomue
409 714 613 778 cogitationibus
638 720 665 768 et
682 716 901 770 delectationibus
919 730 964 769 va·

118 803 173 864 uari
192 802 378 867 permisimus,
408 800 529 854 anoxiis
547 799 730 854 abstrahentes
749 800 915 863 integraliter
931 800 965 851 ad

117 888 198 940 ileum
230 888 390 941 referamus.
435 886 501 937 ilinc
531 885 607 939 dicit:
638 887 693 939 Hoc
720 887 799 939 tacite
827 886 854 937 in
880 897 965 937 meam

118 974 411 1028 commemorationem.
440 972 585 1025 tinsebim:
607 972 669 1035 Quia
688 984 782 1036 corpus
805 974 965 1035 assumptum

116 1058 250 1111 bominns
269 1058 407 1110 ablaturus
425 1062 483 1111 erat
500 1060 535 1111 ab
546 1060 631 1111 oculis
649 1060 676 1111 et
690 1058 812 1109 illaturus
825 1056 964 1120 sideribus,

115 1145 304 1198 necessarium
323 1149 395 1207 erat,
423 1147 454 1196 ut
480 1144 523 1195 die
551 1154 649 1197 coenae
676 1146 871 1195 sacramentum
890 1142 966 1193 nobis

117 1232 157 1282 soi
178 1230 305 1295 corporis
334 1233 362 1281 et
379 1229 515 1292 sanguinis
533 1230 711 1291 consecraret,
741 1233 770 1281 ut
788 1228 910 1281 offeretur
923 1227 964 1291 ju·

118 1316 188 1379 giler
221 1330 273 1381 per
290 1315 451 1379 mysterium,
481 1316 549 1380 quod
569 1314 726 1370 onerabatur
749 1315 775 1367 in
794 1316 916 1378 pretium,
936 1322 963 1371 et

118 1404 253 1465 perennis
270 1402 377 1455 victima
403 1400 507 1455 vireret
522 1402 551 1455 in
569 1402 694 1455 memoria
722 1406 749 1453 et
766 1411 870 1465 semper
888 1410 962 1463 prae·

117 1498 181 1539 scus
201 1492 276 1541 esset
299 1486 438 1550 ingratia

187 1574 279 1627 biota:
300 1573 334 1625 ad
353 1572 501 1624 habendam
518 1584 623 1635 semper
645 1572 797 1626 memoriam
816 1572 961 1626 salvatoris

123 1664 228 1721 cogunt
244 1670 294 1712 nus
312 1658 363 1710 tria
381 1660 534 1721 argument-a
551 1656 668 1711 caritatis
687 1658 767 1721 illins,
788 1672 823 1711 se.
844 1658 963 1710 remissio

118 1749 305 1806 peccatorum,
339 1743 486 1805 redemptio
519 1744 767 1807 impignoratorum‚
800 1744 962 1796 continuatio

120 1829 322 1884 beneficiorum.
357 1830 393 1881 be.
411 1828 496 1891 primo
514 1827 563 1890 (Is.
582 1825 627 1891 43,
648 1827 721 1892 25.):
750 1830 803 1893 Ego
820 1840 888 1894 sum,
918 1829 963 1895 qui

120 1914 199 1970 deleo
219 1916 372 1979 iniquitates
391 1919 448 1965 tuas
466 1917 574 1977 propter
591 1926 643 1977 me,
674 1920 700 1967 et
722 1920 887 1979 peccatorum
906 1918 962 1967 tuo·

119 2012 176 2055 rum
198 2014 253 2055 non
271 2000 439 2061 recordabor,
461 2000 542 2052 reduc
560 2011 603 2052 me
622 2002 648 2052 in
667 2003 831 2055 memoriam.
867 2004 903 2055 De
922 2014 963 2053 se·

119 2091 208 2142 cundo
226 2089 327 2149 (Eucti.
346 2084 390 2150 29,
405 2084 477 2147 20.):
504 2087 614 2150 gratiam
628 2086 788 2150 fidejussoris
807 2089 846 2139 tui
864 2100 898 2139 ne
916 2086 962 2139 ob·

120 2175 262 2237 liriscaris‚
291 2174 518 2239 culusitanus
545 2185 591 2237 pro
615 2186 649 2226 ea
667 2174 762 2238 diligas
781 2179 807 2225 et
825 2174 885 2239 quin
904 2186 962 2227 ora·

122 2261 241 2315 tionibus
269 2265 296 2312 et
321 2261 397 2312 bonis
416 2259 539 2323 operibns
557 2259 673 2311 debitum
701 2261 725 2311 ei
744 2260 847 2313 reddas.
885 2261 962 2324 aperi

120 2348 186 2400 milri
204 2359 280 2400 soror
297 2356 367 2408 mea,
388 2344 471 2397 amica
484 2356 553 2407 mea,
573 2346 635 2409 qnia
653 2350 731 2409 eaput
749 2356 835 2397 meum
854 2336 961 2409 plenum

122 2440 162 2487 est
180 2446 242 2487 rore
260 2437 289 2484 et
307 2431 422 2483 ciuoinni
441 2431 493 2483 mel
511 2430 592 2495 gattis
611 2430 736 2482 noel-iuro.
757 2428 851 2493 (eunt.
872 2431 898 2495 5,
919 2426 961 2491 2.)

123 2521 201 2583 aperi
219 2516 297 2580 milri,
317 2517 335 2568 i,
356 2529 379 2569 e.
397 2516 503 2579 suscipe
519 2527 563 2568 me
582 2516 609 2568 in
629 2519 742 2568 mentem
762 2521 842 2581 tuam,
863 2518 890 2571 in
909 2532 961 2571 me·

121 2606 233 2660 modam
252 2608 281 2655 et
298 2602 476 2665 dilectionem,
501 2604 562 2667 quia
579 2606 659 2667 caput
681 2614 767 2655 oneum
786 2606 844 2657 scil.
866 2606 961 2659 divini·

121 2696 161 2745 tas
180 2693 292 2755 pienum
311 2694 352 2741 esi
368 2700 428 2741 rore
446 2690 462 2741 i.
484 2701 507 2740 e.
528 2690 706 2743 misericordia
725 2692 757 2743 ad
777 2690 960 2746 dimittendum

121 2781 246 2841 peccarim
275 2779 303 2827 et
320 2775 434 2827 cincinni
453 2776 515 2840 mei,
544 2777 562 2827 i.
583 2788 607 2827 e.
630 2777 794 2843 numanitas3
816 2778 897 2842 guttis
915 2790 961 2829 no·

123 2866 212 2927 edum,
234 2863 251 2914 i.
274 2874 298 2913 e.
318 2862 447 2913 effusione
464 2861 567 2914 sudoris
598 2862 763 2915 lacrimarum
783 2868 810 2916 et
827 2862 961 2925 sanguinis

121 2951 274 3015 passionum
288 2947 321 2999 ad
333 2947 515 3000 redimendum
528 2948 716 3001 haereditatem
730 2954 800 3001 tuam
821 2960 867 3013 pro
886 2948 961 2998 satis-

122 3038 239 3090 factione
256 3037 424 3098 peccatorum
442 3038 547 3085 tuorum
566 3033 775 3099 impignoratam.
813 3035 848 3086 be
867 3033 961 3084 tertio:

123 3123 217 3187 (baut.
240 3119 268 3181 8,
289 3118 349 3182 ll.)
367 3122 480 3173 observa
499 3124 527 3171 et
538 3131 612 3181 cave,
631 3134 665 3171 ne
684 3120 785 3183 quando
798 3118 963 3168 obliviscaris

123 3210 225 3264 bomini
242 3209 289 3261 liei
308 3209 347 3259 tui
365 3213 393 3259 et
409 3207 530 3271 negligas
546 3206 671 3258 mandata
689 3204 753 3265 ejus,
773 3212 806 3250 ne
825 3203 963 3261 postquam
