2384 3759
630 333 666 389 oi

484 584 640 656 OnPUT
663 586 815 653 XXXV.

378 742 438 799 lie
465 737 917 809 congratulatione.

301 918 325 971 1.
347 915 542 981 congratulatio
570 922 634 966 vera
660 913 692 965 ad
712 913 793 965 Deum
821 916 877 979 est,
903 915 1068 980 congaudere

228 1007 283 1059 lieo
310 1005 338 1055 in
365 1002 436 1055 omni
464 999 625 1053 beatitudine
653 1002 680 1050 et
707 999 866 1061 perfectione
898 1000 949 1052 sibi
979 1002 1067 1055 inuata

228 1089 421 1143 aeamaiiter:
454 1086 593 1146 videlicet,
629 1084 661 1136 de
688 1084 892 1148 omnipotentia,
925 1086 1065 1150 sapientia,

228 1178 364 1234 bonitate,
389 1175 439 1224 etc.
461 1174 487 1222 et
504 1171 573 1235 quod
591 1168 691 1222 nullius
718 1169 835 1234 indiget,
863 1171 910 1223 sed
929 1172 1001 1236 quod
1020 1172 1067 1223 sibi

228 1261 280 1323 ipsi
298 1257 406 1319 sniiicit,
425 1261 452 1309 et
469 1257 591 1309 omnibus
608 1256 743 1309 creaturis.

300 1346 366 1397 item
394 1344 559 1407 congaudere
586 1343 655 1406 Deo,
688 1342 720 1395 de
752 1342 917 1395 ordinatione
945 1345 1017 1397 coeli
1044 1348 1068 1396 ei

228 1436 326 1493 terrac,
345 1436 374 1483 et
390 1429 525 1492 omnium,
554 1440 621 1493 quae
639 1428 667 1479 in
685 1428 723 1479 eis
740 1432 814 1479 sunt:
844 1432 870 1480 et
889 1429 921 1480 de
945 1430 1068 1482 omnious

208 1514 353 1580 'operibus
370 1515 435 1576 suis,
454 1529 470 1568 a
489 1515 618 1578 principio
641 1514 731 1566 mundi
759 1514 892 1579 usquead
910 1513 992 1567 linem
1013 1528 1069 1567 sae·

227 1603 292 1656 cuti.
329 1603 473 1665 Praecipue
491 1600 524 1651 de
537 1598 659 1662 operibus
672 1598 933 1663 incarnationisejus,
955 1600 1068 1653 circun-

225 1690 343 1752 cisionis,
362 1686 500 1752 passionis,
519 1684 727 1746 resurrectionis,
747 1684 914 1737 ascensionis.
954 1687 1068 1749 spiritus

227 1774 315 1828 ancti
333 1773 479 1826 missionis:
500 1772 578 1823 etde
595 1769 852 1834 omnihusluditiis,
872 1770 1024 1825 maniiestis
1042 1777 1067 1825 et

227 1858 341 1911 occultis
359 1858 429 1911 circa
448 1857 607 1919 daemones,
636 1855 705 1907 circa
724 1856 824 1907 animas
842 1854 869 1906 in
893 1855 1012 1923 interno,
1042 1859 1066 1909 in

226 1945 319 2008 tinto,
339 1946 367 1999 in
385 1941 543 2008 purgatorio,
564 1946 591 1993 et
608 1942 678 1993 cirea
691 1941 774 1994 malos
786 1942 904 1993 nomines
916 1941 943 1993 in
957 1944 1065 1995 mundo.

297 2033 364 2084 item
383 2028 548 2094 congaudere
566 2028 628 2090 lieo,
649 2027 774 2092 quidquid
792 2028 878 2080 laudis
898 2031 924 2080 et
942 2040 1065 2082 reveren·

226 2118 282 2169 tiae
300 2116 381 2169 natet
398 2115 432 2167 ab
450 2115 553 2178 angelis
570 2119 597 2165 et
615 2113 718 2167 sanctis
737 2114 764 2165 in
781 2116 864 2176 coeio,
885 2119 911 2167 et
929 2115 963 2167 ai)
984 2116 1065 2168 noni·

225 2204 306 2255 nibus
322 2202 351 2253 in
369 2208 447 2254 terra.

296 2286 352 2337 ino
370 2297 433 2337 vera
450 2285 643 2350 congratulatio
662 2286 695 2337 ad
713 2286 845 2350 proximos
864 2291 921 2351 est,
949 2300 1064 2353 congau-

223 2370 290 2423 dere
316 2371 430 2434 singuiis
456 2370 557 2436 angelis
585 2377 612 2424 et
630 2373 732 2425 Sanctis
759 2372 791 2425 de
818 2374 902 2436 gloria
930 2373 958 2425 in
978 2377 1062 2429 coelo.

224 2459 290 2510 ltein
310 2457 492 2520 peccatoribus
511 2458 542 2509 de
567 2458 851 2523 conversione31ustis
875 2458 908 2511 de
933 2462 1064 2515 conforta-

224 2543 297 2594 tione
314 2550 343 2595 et
358 2542 503 2606 gratiarum
522 2544 736 2609 conservatione,
764 2544 890 2597 ecciesiae
913 2545 948 2597 de
971 2549 1064 2600 Sacra·

224 2628 323 2680 ruentis
341 2635 368 2681 ct
385 2628 459 2680 donis
471 2628 583 2692 Spiritus
602 2630 695 2692 sancti,
716 2634 744 2683 et
761 2631 926 2693 congaudere
940 2634 1065 2687 omnibus

222 2714 322 2765 unctu
340 2712 488 2766 nominibus
506 2713 534 2765 in
552 2716 665 2768 ecclesia
691 2720 718 2768 ct
744 2716 771 2769 in
798 2720 881 2769 terra:
910 2717 1017 2771 scilicet
1033 2720 1060 2771 Β.

222 2800 252 2851 t.
272 2800 381 2862 itariae,
400 2800 556 2853 Patrincdis
574 2807 601 2854 et
618 2801 772 2866 Prophetis,
792 2800 938 2865 Apostoiis,
963 2807 992 2856 et
1011 2806 1063 2859 sin·

222 2885 294 2949 gulis
310 2886 411 2950 electis,
432 2884 557 2938 dedans
575 2887 713 2951 perceptis,
733 2891 760 2940 et
777 2888 953 2951 percipiendis
971 2893 1061 2957 singu·

222 2970 256 3021 iis
274 2984 290 3021 a
309 2971 371 3023 Deo.

293 3054 318 3106 2.
337 3056 375 3109 nd
393 3066 483 3108 terant
502 3056 755 3117 congratulationem
774 3058 897 3112 inducere
914 3071 964 3112 nos
983 3062 1062 3115 debet

196 3134 203 3147 '
221 3140 338 3191 narina
356 3140 456 3193 utilitas
475 3151 510 3192 ex
527 3151 558 3191 et
577 3142 741 3201 proveniens.
777 3143 839 3196 Nan
852 3144 980 3211 quidquid
993 3146 1060 3201 Deus
