2384 3759
528 345 579 401 153

138 497 248 539 nenses
275 487 303 538 et
319 485 408 540 ilunei
430 485 601 538 sufficientes.
636 490 720 551 ling:
738 489 845 543 Aoeeblt
861 491 971 546 verbnm

135 573 168 624 nl
186 575 350 626 elementum
369 578 396 624 et
413 572 443 624 lit
459 575 670 636 sacramentum,
701 574 727 628 b.
748 585 770 628 e.
798 575 844 628 bel
862 578 971 630 uerbum

138 658 290 712 institutum
316 659 460 720 sobrino,
487 660 619 722 protertur
645 671 724 724 super
752 673 847 723 penem
865 668 894 716 et
910 675 971 717 mex

135 744 164 797 bt
179 755 288 796 suerum
305 747 449 807 secretum,
476 757 513 796 se.
534 757 629 808 suiuus
647 747 790 798 silvatoris
816 747 865 800 sub
883 749 971 811 speeie

135 830 220 892 uenis.
259 831 326 882 ltem
342 832 421 892 Aug:
442 831 496 890 llus
514 834 563 895 est,
583 833 652 896 quob
671 834 791 886 omnibus
810 834 894 886 modis
912 847 971 896 pru·

136 917 199 968 bere
218 914 412 976 contendimus,
430 921 622 970 sacramentum
641 919 768 970 ecelesiae
792 917 893 970 dnobus
910 931 971 972 cun·

134 1007 205 1054 siene
234 1000 336 1054 visibili
362 1002 549 1054 elementorum
579 1005 667 1067 speeie
698 1009 724 1056 et
750 1003 875 1056 invisibili
893 1016 972 1056 enine

136 1088 233 1140 libristi
261 1092 289 1139 el
305 1087 442 1150 sunguine,
473 1088 542 1141 sicut
568 1103 679 1154 personne
698 1090 792 1142 christi
819 1093 973 1144 beusteten

135 1177 187 1228 beu
208 1178 236 1226 et
254 1173 369 1226 hunnine.
405 1169 539 1228 Ambrus:
565 1176 662 1227 Panem
680 1175 769 1236 istum,
797 1187 874 1240 quein
892 1177 972 1228 sumi·

135 1271 194 1312 nius
212 1259 241 1310 in
260 1259 384 1322 mysterio
402 1260 492 1324 ntique
511 1261 640 1324 intelligo,
660 1261 704 1325 qui
722 1272 801 1314 manu
818 1262 902 1314 seneli
920 1263 972 1325 spi·

135 1347 202 1398 ritus
220 1345 349 1396 formatus
367 1349 408 1397 est
433 1347 461 1398 in
484 1351 559 1399 utero
576 1347 688 1409 virginis
715 1352 741 1398 et
763 1347 824 1410 igne
842 1349 972 1411 passionis

137 1432 264 1484 desuetus
287 1429 315 1482 in
333 1441 379 1482 eru
397 1432 490 1484 erucis.
526 1433 604 1484 Puuis
631 1432 700 1486 enlin
720 1434 869 1497 angelorum
888 1435 973 1488 iectus

135 1522 176 1570 est
202 1518 280 1569 cibus
308 1518 453 1570 bominum.
493 1519 613 1582 bregon:
639 1521 759 1582 bleguum
781 1523 858 1584 utque
877 1533 982 1582 neven.

136 1605 198 1656 uum
216 1607 261 1656 est
277 1605 438 1667 mysterium,
469 1589 627 1668 nuia'uiuu
647 1605 751 1657 vueur
777 1605 847 1658 aun
876 1605 974 1658 innui·

136 1691 214 1754 gitur.
254 1689 348 1754 Figura
365 1691 439 1754 penis
458 1694 485 1743 et
501 1690 557 1743 uini
575 1692 678 1744 videtur
696 1694 721 1742 et
740 1691 852 1744 iaciente
865 1690 973 1742 bomine

137 1789 232 1840 sumus
252 1780 280 1828 et
296 1779 404 1840 sanguis
421 1779 517 1831 Christi
539 1777 702 1841 intelligitur.
740 1777 880 1830 Eusebius:
909 1777 973 1830 llere

136 1865 216 1914 unite
235 1865 264 1915 et
281 1864 399 1926 perlecta
416 1865 544 1916 ecelesiae
563 1864 656 1927 bestie,
676 1861 729 1916 ilde
741 1862 905 1918 assuminus
922 1875 974 1916 nen

135 1949 225 2012 speeie
245 1961 330 2013 neque
348 1950 472 2002 exterieri
490 1951 621 2002 eeuseudu
639 1951 705 2013 visu,
735 1951 781 2002 seul
799 1949 917 2002 interiori
935 1951 974 2002 in·

137 2036 268 2099 tellectu;
296 2036 366 2087 uncle
384 2036 505 2088 eoelestis
523 2036 660 2088 eunlirmnt
677 2038 835 2090 auctoribus:
861 2035 975 2100 Accipite

138 2126 165 2174 et
181 2119 350 2174 commedite.
382 2121 495 2172 ileeeclet
507 2133 569 2184 ergo
582 2123 666 2173 omnis
680 2123 842 2176 infidelitalis
857 2121 974 2185 dubium,

137 2208 199 2274 quin
217 2209 310 2259 nuetur
328 2209 444 2260 muneris
463 2208 521 2271 ipse
539 2212 580 2260 est
597 2209 673 2260 testis
692 2208 817 2262 veritatis.

209 2293 331 2344 seeundo
350 2293 475 2356 probunt
492 2294 562 2346 idem
580 2295 682 2345 ratione
701 2294 834 2356 signorum
853 2293 976 2358 positivo·

137 2392 216 2444 rum3
237 2381 304 2432 ritib
323 2384 411 2432 eutem
432 2392 522 2433 eurum
541 2383 591 2442 est,
611 2391 666 2430 rein
685 2377 721 2430 itu
740 2390 797 2431 esse
815 2385 844 2432 ut
862 2381 974 2444 signnm.

138 2464 278 2530 signifieat
295 2452 365 2518 enim
382 2467 525 2519 seeundum
544 2465 739 2528 innuositionem
752 2465 796 2518 bei
809 2477 864 2518 rem
877 2479 977 2520 suerum

138 2565 175 2604 se.
196 2563 292 2614 eorpus
312 2552 406 2604 Cbristi
424 2551 578 2606 eteuntinet
596 2552 673 2603 illud.
710 2551 781 2604 Unde
801 2553 849 2606 eit:
872 2554 922 2606 boe
939 2558 980 2606 est

139 2651 236 2701 winus
254 2649 350 2690 meum.
388 2638 496 2702 signum
527 2639 623 2690 munsit
640 2638 704 2691 ionis
722 2651 758 2692 se.
780 2639 881 2702 species
902 2641 978 2702 uenis

139 2730 167 2778 et
185 2726 258 2778 intus
285 2728 343 2776 erut
364 2737 456 2787 eorpus
474 2723 626 2777 salunt-uris.
665 2725 732 2778 libel.
753 2722 796 2787 36,
811 2721 850 2776 6.;
878 2726 979 2776 lnnuue

140 2813 220 2876 signe
250 2815 278 2863 et
309 2812 418 2864 immuta
446 2811 587 2871 mirabilia,
619 2810 692 2873 qussi
710 2810 826 2864 diceret:
856 2809 915 2872 quin
934 2819 978 2860 ve·

141 2903 200 2951 iera
217 2898 294 2960 signi
318 2910 370 2950 nbn
394 2897 562 2951 continebunt
578 2896 699 2959 grauem,
723 2908 800 2961 quum
824 2893 978 2960 figurabant,

140 2986 191 3038 inu
203 2997 282 3048 noue,
303 2998 370 3049 quae
388 2984 533 3047 continent,
560 2983 629 3046 quob
647 2982 768 3045 figurent.
806 2978 978 3043 Augustinus:

139 3072 204 3126 lbeo
223 3070 345 3124 dicentur
362 3075 535 3133 entremenis,
554 3069 630 3134 quasi
648 3081 738 3122 subrue
753 3066 791 3118 rei
810 3066 894 3127 signu,
918 3065 980 3128 quie

141 3158 170 3211 iu
188 3156 229 3210 eis
248 3155 323 3208 eliud
340 3156 458 3220 videtin,
479 3154 551 3208 uliud
573 3153 740 3218 intelligitur.
779 3151 850 3210 Quen
878 3149 982 3202 uidetur
