2384 3759
137 478 230 538 tinne,
260 478 289 526 et
307 477 411 527 mutnrc
429 473 619 527 deliberatione
642 472 765 539 discutit,
792 474 869 539 inrie
895 472 978 529 iiiud:

137 560 206 623 iiii,
234 560 297 611 sine
323 556 434 611 censiiic
460 558 527 611 niirii
554 558 652 623 incias,
681 562 708 611 ct
732 564 791 623 pust
808 562 906 615 iactum
925 574 978 614 nen

137 644 301 710 poenitebis.
340 642 440 705 (dccli.
461 640 505 706 32,
524 640 581 708 24.)
618 644 670 697 iiec
691 650 779 699 temen
804 647 832 699 iu
851 649 900 699 inec
917 660 980 701 cen·

135 729 267 782 scientiae
278 739 345 781 suec
355 739 460 791 semper
471 728 570 791 credet,
590 729 642 783 nisi
654 730 799 795 scripturus
809 732 979 786 menifestum

136 816 323 868 testimenium
342 812 446 865 debent.
484 814 536 866 Nec
553 812 708 878 scripturam
727 815 760 867 ed
778 827 883 869 sensum
902 830 979 871 suurn

135 902 310 966 atiquatenus
331 903 496 964 retorquent,
526 899 574 951 sed
597 912 704 953 sensum
729 912 807 955 suum
832 902 981 966 scripturae

135 988 299 1040 conformet.

207 1068 236 1123 d
254 1072 442 1134 Argumentum
461 1069 655 1124 indiscretionis
673 1070 771 1136 tabet,
800 1073 843 1137 qui
861 1073 979 1138 ieiuniis,

136 1158 250 1223 vigitiis,
269 1155 441 1220 emtionibus,
459 1154 606 1221 disciplinis
628 1160 655 1209 et
674 1158 789 1211 iecrimis
812 1171 893 1224 supra
911 1160 981 1213 vires

136 1246 254 1307 iuberet,
275 1242 349 1295 brevi
367 1244 485 1305 tempere
501 1254 534 1295 se
548 1242 699 1306 destruens,
718 1248 749 1298 ut
764 1244 885 1309 pinnitus
902 1246 980 1299 annis

136 1332 166 1382 in
185 1329 299 1382 servitiu
316 1327 363 1380 iiei
381 1327 484 1379 inutiiis
500 1326 555 1381 iiet.
591 1328 654 1390 Sed,
673 1330 739 1392 heu,
758 1332 834 1395 penei
852 1335 914 1385 sunt
931 1332 979 1385 lun·

136 1416 226 1469 mines
244 1413 325 1477 innius
343 1412 478 1477 temperis,
496 1416 541 1478 cui
558 1413 586 1466 in
605 1414 752 1479 hujusmodi
770 1418 912 1473 excedunt.

208 1496 236 1550 5.
256 1502 444 1563 Argumentum
456 1500 540 1552 reisue
549 1498 714 1553 discretionis
727 1502 815 1567 hebet,
828 1505 980 1569 quinniens

134 1597 236 1640 cerere
255 1584 460 1637 destructionem
476 1586 520 1637 sui
532 1587 657 1651 ccrpcris,
676 1586 742 1639 nihii
754 1598 844 1642 eurum
855 1590 977 1653 negligit,

136 1685 208 1740 eune
225 1670 366 1724 commode
382 1676 445 1725 sunt
461 1673 581 1737 corpori,
610 1673 699 1726 diceus
717 1673 839 1727 Domino:
868 1675 981 1727 Fortitu-

136 1760 230 1812 dinem
249 1768 336 1809 meem
355 1748 388 1807 cd'
408 1760 433 1809 te
450 1757 609 1821 custodium
630 1754 743 1822 (MS,
758 1756 816 1820 10.)
833 1759 980 1823 cispiriins

136 1844 251 1898 inierim
266 1842 325 1894 sine
343 1842 474 1905 spirituaii
491 1842 550 1896 citu
568 1842 657 1897 deficit
674 1848 702 1898 ci
718 1844 838 1907 tebescit,
857 1846 903 1909 qni
920 1846 979 1897 eine

136 1932 233 1985 intere
251 1929 405 1981 nuiiuteuus
423 1929 514 1982 ueteri
531 1934 628 1993 potest.
665 1930 738 1984 Unde
756 1930 784 1983 i).
801 1930 979 1994 Augustinus:

136 2020 207 2072 itum
235 2014 415 2068 iuuentutem
439 2020 545 2069 uestrae
577 2018 664 2071 cernis
694 2019 834 2081 timemus,
865 2017 979 2069 suiutcur

137 2105 250 2157 animae
266 2101 440 2165 negligimus,
465 2102 527 2167 nude
543 2115 618 2167 curu,
645 2116 704 2156 cum
723 2104 837 2157 deiiceie
855 2103 978 2166 nutritur,

137 2189 240 2245 eccidit
257 2188 389 2253 spiritum,
408 2190 522 2242 testei).
541 2190 698 2256 Augustino:
718 2190 874 2244 sicuiiiuet
891 2190 980 2243 ianam

136 2276 255 2331 devoret
272 2279 300 2327 et
316 2274 403 2338 tigne,
426 2275 534 2328 iceuum
557 2279 584 2327 et
605 2276 730 2339 stipulam
748 2276 817 2339 ignis
835 2276 979 2330 ccmturii:

138 2363 180 2417 ite
197 2362 314 2414 delicate
332 2374 392 2413 cern
410 2362 525 2414 animum
543 2366 694 2415 cencremnt
705 2366 733 2415 et
744 2362 881 2415 consumit.
911 2362 982 2415 ictis

138 2461 195 2502 neu
222 2449 338 2512 cogitet,
366 2449 435 2513 quud
462 2439 568 2501 taudem
595 2462 655 2501 curo
682 2450 846 2513 destruetur,
875 2450 980 2502 etiamsi

137 2534 216 2588 omni
241 2534 380 2587 cnmmcdc
405 2535 555 2598 irueretur;
584 2536 654 2589 sicut
679 2536 845 2599 saeculares,
877 2548 981 2589 emnem

138 2621 248 2685 corpori
266 2621 429 2683 voluptutem
448 2622 644 2686 impendentes,
671 2634 724 2674 nun
746 2624 900 2687 magisnec
924 2633 982 2675 scr·

139 2706 237 2769 siunt,
264 2705 311 2757 sed
330 2705 493 2772 irequeutius
511 2706 683 2766 infirmentur,
720 2708 814 2761 iielius
832 2714 980 2761 essentem

140 2792 278 2847 virentem
305 2792 433 2855 spieitum.
452 2792 540 2857 gretie
570 2794 701 2857 repletum
732 2806 790 2847 esse
817 2794 845 2845 iu
872 2802 980 2856 corpure

140 2877 281 2941 innguidc,
301 2887 379 2942 quem
395 2878 517 2944 spiritum
535 2869 688 2943 languidum
711 2881 754 2933 vei
771 2868 903 2936 mertuum
922 2889 980 2931 esse

142 2966 171 3016 tn
190 2975 300 3028 corpere
318 2976 391 3017 sune.
