2384 3759
514 329 567 385 109

118 472 163 525 uel
181 469 344 523 diuturnitas
362 468 555 534 delectationis,
573 471 602 523 iu
614 481 665 535 uua
677 471 781 535 penitus
793 471 956 536 absorbetur,

114 558 193 621 juxta
212 555 296 608 iliud:
315 557 348 608 ut
364 556 472 610 intrueit
488 557 558 609 sieut
574 568 643 621 tutia
660 555 687 608 in
705 556 830 611 interiora
847 558 912 623 elus,
932 562 960 611 et

117 645 189 697 sieut
215 643 308 695 uieum
332 642 359 693 in
382 642 485 697 usstms
507 644 571 707 elus.
610 644 670 704 (Pu.
697 640 766 708 108,
795 641 853 705 18.)
892 645 960 699 iidur

117 731 221 791 manet,
240 738 303 779 cum
322 725 586 793 dinumeratum,
606 734 633 783 et
650 734 751 783 tutetur
769 730 891 796 iufamia,
916 732 959 785 vel

118 816 220 869 malum
248 813 402 875 exemptum
428 817 456 867 et
481 815 637 869 suantiaium
663 815 785 869 alierum.
823 816 874 869 seu
897 828 959 870 uere

120 901 251 955 euuiitens
270 899 423 951 manifestat
439 899 525 964 ipsum
543 905 697 965 uersatum,
725 904 752 953 et
778 901 960 955 anieeedeutia

121 989 262 1051 peceatum
280 988 307 1037 et
324 984 519 1050 subsequentia.

189 1076 380 1135 Argumentum
400 1083 480 1125 uerae
497 1073 671 1127 consessionis
684 1076 733 1136 eat,
752 1082 811 1127 eum
823 1072 961 1127 confltetur

121 1161 179 1225 quis
197 1160 310 1223 peecata
327 1170 374 1210 sua
391 1157 420 1211 iu
437 1170 560 1223 numeru,
583 1160 698 1223 pondere
720 1163 747 1213 et
764 1170 894 1213 mensura.
930 1160 961 1213 in

121 1257 234 1299 numeru
253 1242 430 1297 confitentum
452 1249 511 1309 est,
539 1246 565 1298 iti
592 1249 651 1310 est,
680 1247 751 1301 uiues
778 1249 957 1311 ueeeaterum3

122 1333 183 1397 qnia
202 1331 303 1384 vuinus
319 1332 424 1395 saepius
445 1334 602 1385 renouatum
625 1332 725 1387 taruins
742 1336 859 1386 sanatur.
894 1334 960 1387 Item

121 1420 149 1471 in
167 1429 303 1480 mensura,
323 1419 427 1482 quando
445 1418 504 1483 quis
520 1418 659 1471 confltetur
680 1418 877 1472 diuturnitatem
899 1430 959 1484 pee-

122 1506 186 1557 eati.
223 1504 273 1566 uui
290 1504 360 1556 euim
379 1504 476 1555 diutius
494 1503 653 1567 infirmatur,
679 1503 757 1556 eitius
775 1503 892 1557 moritur.
929 1506 960 1557 ln

121 1589 252 1654 uendere,
271 1589 299 1641 id
316 1593 366 1651 est,
384 1590 527 1653 gravitate„
559 1594 723 1654 Aggravatur
734 1589 805 1643 enim
823 1596 959 1654 peceatum

122 1689 156 1730 ex
174 1688 253 1729 sacru
269 1678 347 1739 tutu,
375 1682 405 1729 ut
431 1680 480 1729 est‘
496 1677 684 1731 coemeterium
710 1678 752 1731 uel
771 1676 896 1739 ecelesia3
926 1686 960 1727 ex

121 1774 199 1816 sacre
217 1765 354 1825 tempure,
382 1763 478 1815 velex
501 1774 626 1825 uersuum:
654 1768 684 1817 ut
709 1764 733 1817 si
758 1762 887 1825 clericus,
915 1759 959 1825 uui

122 1847 252 1903 laeditur:
272 1847 435 1900 simonialis
452 1849 496 1901 vei
514 1849 662 1913 coniugata,
682 1860 741 1903 cum
759 1861 810 1915 qua
828 1852 959 1911 nectatur.

192 1931 221 1985 5.
240 1937 428 1998 Argumentum
446 1934 530 1987 iatsae
547 1934 719 1989 confessionis
737 1939 786 1999 est,
806 1946 864 1989 uum
883 1946 960 1999 prou·

122 2028 163 2075 ter
180 2023 232 2075 tutte
248 2021 345 2085 aiiuuiu
362 2019 516 2084 euuiitetur,
543 2032 577 2073 ne
594 2020 709 2075 infidelis
726 2022 838 2084 dirutum
870 2022 913 2073 uei
932 2022 961 2071 nt

123 2108 239 2163 sanctior
256 2110 407 2171 reputetur3
437 2107 481 2159 vei
506 2119 541 2159 ne
557 2106 608 2159 sitii
634 2119 709 2161 saera
735 2106 961 2161 communionum

123 2194 282 2249 contusione
309 2192 461 2255 denegetur.
506 2192 550 2245 sie
577 2193 751 2247 confitebatur
776 2186 857 2257 saul,
884 2204 918 2245 ne
945 2204 961 2245 a

123 2283 253 2345 propheta
271 2280 396 2332 samuele
413 2290 500 2331 euram
518 2281 616 2344 uouuiu
634 2278 845 2333 confunderetur.

471 2449 623 2463 u·—

410 2629 566 2702 CAPUT
586 2632 681 2700 XLI.

336 2788 396 2845 lie
426 2788 748 2859 poenitentia.

190 2969 218 3022 1.
240 2965 407 3021 Poenitentia
424 2976 488 3018 uera
506 2963 621 3017 exterior
638 2968 679 3017 est
695 2964 853 3019 abstinentie
870 2974 885 3013 a
903 2961 959 3013 tici·

123 3057 164 3121 tis,
182 3067 247 3111 eum
264 3054 300 3105 de
317 3050 417 3104 illinitis
435 3049 512 3103 uenia
525 3050 681 3115 postulatur,
699 3054 730 3103 ut
742 3050 805 3102 uiuit
816 3047 957 3108 scriptura.
1006 3055 1009 3061 ·

124 3144 165 3197 Sie
190 3141 363 3208 poenitentes
389 3142 416 3191 et
445 3136 599 3191 claustrales
627 3149 642 3189 a
669 3135 791 3189 carnibus
818 3132 958 3197 abstinent,
