2384 3759
620 392 671 449 im

229 548 282 589 non
299 532 467 587 conveniunt.
487 530 581 594 (Rom.
601 530 628 598 1,
648 530 706 593 18.)
742 536 772 587 itt
798 534 850 586 iren
867 534 917 586 inor
935 544 1013 607 saepe
1031 530 1060 584 iit

229 632 312 687 usqne
330 620 363 672 aii
380 622 502 672 mortem.

282 704 403 757 seeundo
421 706 569 768 anaentnr,
597 705 631 757 rie
654 703 748 769 quinus
765 703 798 755 rie
816 707 906 757 nostro
924 706 1059 759 salvatore

230 791 356 843 memorio
374 789 412 842 sit
429 788 559 842 hobeuoa.
579 814 614 825 ·—
632 790 663 842 ut
681 788 819 841 dicendum
847 788 888 842 de.
902 789 996 841 tritus:
1027 788 1059 839 oe

230 876 382 940 praeterito,
404 876 436 926 oe
454 875 597 937 praesenti,
618 874 651 926 oe
669 875 764 927 tuturo.
803 876 838 926 lie
860 876 1059 938 praeteritum

230 963 312 1015 nostri
330 960 519 1024 redemptoris3
546 959 607 1025 qnia
631 962 738 1025 propter
760 958 866 1011 nimium
891 960 1027 1012 caritatem
1045 970 1059 1009 a

230 1052 314 1101 morte
332 1049 413 1109 maia,
441 1047 526 1098 morte
554 1056 604 1095 sua
622 1042 744 1097 liberavit
769 1056 825 1097 nos.
863 1046 899 1097 iie
917 1044 1057 1108 praesenti,

230 1136 260 1185 ut
276 1133 392 1186 omnium
412 1129 580 1194 inspectoris:
601 1128 662 1193 quia
680 1142 727 1193 per
738 1132 865 1183 ooouitam
885 1131 1059 1195 praesentiam

231 1219 320 1269 ornnia
338 1221 426 1269 nostra
445 1226 550 1277 semper
567 1213 658 1267 cernit.
697 1216 733 1267 iie
751 1216 849 1279 tuturo,
869 1221 899 1267 nt
913 1215 978 1279 justi
994 1214 1059 1279 jurii-

230 1303 278 1364 ois,
296 1301 342 1365 uui
358 1311 406 1365 per
423 1300 640 1363 omnipotentiam
658 1312 732 1352 sunm
745 1313 821 1353 omne
833 1314 943 1365 pravum
961 1303 989 1353 in
1007 1311 1060 1352 eor·

230 1392 331 1439 neotum
358 1386 475 1438 districte
492 1386 629 1450 iudicabit.
651 1412 684 1421 -
704 1388 739 1438 De
757 1387 854 1450 primo:
882 1388 964 1451 Signa
991 1388 1058 1439 Tuan

231 1485 311 1536 super
327 1474 427 1525 frontes
445 1473 561 1525 uirorum
586 1466 729 1524 nolentium
757 1475 784 1523 et
805 1474 965 1535 gementium
983 1480 1060 1535 super

231 1560 331 1612 eunetis
359 1559 606 1621 abominationibus,
634 1570 701 1623 quae
727 1557 793 1609 fiunt
819 1558 844 1609 in
872 1558 979 1611 civitate
1003 1558 1055 1608 irae
1108 1592 1109 1595 ,

231 1647 292 1706 (Ea.
312 1641 339 1707 9,
358 1641 399 1703 4.)
434 1646 506 1697 Tirau
523 1643 632 1707 figuram
652 1644 735 1696 erucis
758 1643 859 1713 trahet,
880 1644 898 1695 i.
920 1656 943 1695 e.
963 1642 1058 1707 passio

231 1733 273 1784 nis
291 1732 396 1793 curisti,
424 1742 492 1795 qnae
510 1741 614 1793 semper
632 1735 672 1782 est
696 1729 770 1783 bonis
792 1731 819 1783 in
838 1734 926 1783 mente
944 1728 1057 1782 terentia.

231 1845 265 1854 -
283 1819 319 1870 lie
337 1816 569 1880 secundm-opera
588 1818 672 1868 omnis
696 1816 780 1869 earnis
803 1828 889 1868 coram
909 1817 1018 1869 Domino
1035 1816 1058 1865 et

230 1916 283 1955 non
302 1909 343 1957 est
360 1904 498 1968 quiequam
517 1902 698 1954 absconditum
726 1902 759 1953 ob
777 1902 860 1955 ocutis
878 1902 944 1965 eins.
976 1898 1057 1965 (Boot.

230 1986 274 2053 39,
293 1987 352 2050 24.)
370 2016 404 2027 -—
422 1992 458 2042 ite
477 1989 570 2041 tertio:
597 1986 663 2039 Eece
690 2000 785 2040 nomen
803 1988 914 2050 Domini,
939 1989 1012 2041 uenit
1029 1984 1058 2036 ie

231 2076 383 2141 longinquo,
403 2076 498 2128 ardens
516 2075 589 2126 iuror
613 2074 669 2136 ejus
692 2077 719 2125 et
737 2076 824 2136 gravis
843 2074 875 2126 ad
895 2073 1056 2137 portandum.

231 2162 283 2221 (Is.
304 2159 348 2224 30,
368 2158 428 2220 27.)
446 2186 480 2197 —
498 2150 588 2212 iiior:¹
615 2159 676 2210 Sive
694 2160 812 2222 comerio,
840 2159 897 2211 siue
915 2160 987 2219 oiim,
1006 2158 1057 2210 sire

232 2246 331 2309 aliquit
359 2246 429 2298 aiino
449 2246 536 2307 iasio,
563 2255 667 2307 semper
694 2244 797 2297 intonat
817 2246 968 2298 inauribus
988 2245 1056 2303 meis,

231 2331 307 2396 quasi
325 2332 389 2383 tuba
407 2333 558 2394 vehemens,
579 2342 632 2383 ron
650 2330 698 2381 iiia
716 2330 854 2383 terribilis:
874 2331 979 2395 surgite
996 2340 1057 2383 mor·

232 2418 279 2479 tui,
312 2418 401 2471 venite
424 2417 457 2468 aii
481 2416 617 2479 iudicium.
656 2417 691 2468 [ie
719 2416 839 2469 orionibus
863 2417 947 2469 tribus
964 2418 1055 2469 simui:

231 2503 381 2557 Memoriam
394 2502 458 2554 iecit
469 2502 627 2556 mirabilium
641 2514 746 2555 suorum
766 2504 824 2561 (Po.
839 2500 899 2565 120,
913 2500 969 2568 3.);
990 2500 1056 2569 quasi

232 2587 347 2639 diceret:
376 2588 499 2640 Dominus
526 2590 600 2643 dedit
626 2589 702 2641 nobis
720 2602 815 2652 eseam,
843 2601 879 2640 so.
897 2590 1012 2653 seipsum
1029 2586 1056 2639 ai

231 2662 382 2726 memoriam
400 2686 505 2726 suorum
524 2676 683 2729 mimoiiium
700 2678 909 2740 praeteritorun,
928 2676 999 2741 quod
1017 2686 1056 2726 nos

231 2760 352 2823 redemit,
371 2763 558 2823 praesentium,
577 2762 646 2826 qnoo
666 2762 754 2813 omnio
777 2764 865 2813 nostru
887 2762 1004 2825 respicit,
1023 2762 1056 2813 iu·

231 2852 357 2911 tororum,
377 2848 446 2913 uuorl
464 2849 552 2900 stricte
569 2849 676 2921 tandem
691 2848 826 2911 indicabit.

283 2930 374 2987 Tertio
391 2932 533 2998 quaeritur,
562 2933 626 2996 uuiti
653 2935 740 2985 valeat
767 2936 890 2987 memoria
908 2935 991 2988 nostri
1008 2933 1056 2987 sai·

231 3024 339 3072 satoris.
376 3016 518 3071 uisendum
537 3019 568 3068 ao
587 3018 654 3070 tria:
674 3020 776 3072 Primae
793 3022 863 3073 enim
881 3021 920 3073 rei
937 3020 1056 3073 memoria

232 3116 268 3155 se.
290 3104 417 3168 passionis
435 3101 530 3155 coristi
548 3103 622 3154 vaiet
643 3104 676 3153 ao
699 3116 743 3156 eor
766 3110 883 3157 nostrum
902 3106 958 3169 ejus
976 3115 1056 3158 amore

232 3187 454 3242 inflammantium.
489 3188 626 3242 seeunooe
652 3190 701 3251 rei,
732 3191 751 3243 i.
780 3205 804 3245 e.
837 3192 893 3255 eius
923 3194 1056 3246 continuae
