2384 3759
432 638 587 707 CAPUT
615 641 676 708 IV.

377 774 436 830 lle
466 779 726 847 patientia.

195 910 223 966 1.
243 913 376 966 Patientia
405 927 468 968 vera
497 921 524 970 et
552 921 668 984 perfecta
696 921 754 984 est,
785 934 843 976 cnm
871 927 970 991 aliquis

124 1000 243 1054 sustinet
270 991 405 1060 patienter
426 1001 552 1065 iniurias,
584 1017 636 1058 non
655 1007 739 1058 solnm
759 1019 817 1060 cam
836 1021 898 1062 reos
915 1016 965 1076 aot,

123 1087 170 1139 secl
190 1085 275 1137 etiam
295 1086 498 1139 camssinnoeens
517 1092 565 1151 est,
586 1093 708 1155 exemplo
725 1093 753 1145 b.
768 1094 816 1147 lob
835 1095 964 1151 dicentis:

120 1173 177 1225 Non
210 1169 338 1233 peccavi,
372 1174 399 1222 et
426 1171 454 1222 in
485 1174 701 1228 amaritudinibus
727 1183 846 1234 moratur
871 1184 965 1237 ocolus

119 1267 204 1308 mens.
237 1253 308 1318 (lob
326 1251 369 1316 il,
389 1252 426 1320 2.)
462 1259 493 1314 rt
519 1259 583 1312 licet
605 1263 796 1319 intolerabilior
813 1267 848 1320 sit
864 1269 961 1334 injuria

118 1340 271 1402 innocenti,
292 1352 369 1404 onam
383 1343 522 1407 culpabili;
543 1349 631 1398 tamea
643 1351 726 1402 nmlto
737 1355 844 1406 corvine
855 1357 960 1410 saberti

117 1431 210 1492 potest
228 1431 257 1479 et
274 1425 354 1478 debet
371 1427 474 1492 iniuria,
494 1442 552 1484 com
571 1433 638 1486 nibil
657 1437 842 1492 conscientiam
861 1434 959 1496 remor·

116 1513 165 1566 (let
184 1512 219 1564 tle
239 1511 316 1574 calpa
335 1511 440 1577 aliona,
467 1527 543 1578 qnam
562 1517 603 1582 si,
623 1522 795 1582 praecedente
813 1521 890 1589 culpa
908 1528 959 1581 ali·

114 1611 190 1664 qna,
223 1597 372 1649 molestiam
391 1601 548 1666 memisset3
579 1605 645 1656 teate
663 1605 691 1658 b.
711 1608 806 1672 Petro,
839 1612 882 1674 pol
900 1615 957 1665 ait:

114 1685 201 1738 Nemo
233 1687 349 1736 vestrum
380 1685 495 1748 patiatur
521 1692 551 1741 nt
577 1690 725 1755 homicida,
756 1699 802 1746 aut
819 1695 879 1758 for,
910 1701 958 1750 ant

112 1769 283 1828 maledicas,
314 1771 360 1821 ont
386 1771 534 1826 alienorum
565 1776 704 1839 appetitor.
752 1777 780 1829 Si
809 1785 897 1831 catena
926 1786 958 1833 nt

113 1857 300 1916 christianus,
327 1867 379 1908 non
398 1857 548 1922 ernbeseat3
576 1860 704 1922 glorificet
720 1866 809 1914 antem
827 1863 908 1916 beorn
926 1866 955 1918 in

111 1941 225 1993 nomine
255 1939 315 1992 isto.
352 1942 445 1994 Melina
476 1946 515 1995 est
545 1946 615 1996 enim
642 1952 673 1998 nt
700 1946 895 2002 benefacientes
917 1952 955 2012 (ai

111 2028 240 2080 voluntas
258 2027 303 2078 bei
330 2027 407 2093 velit)
437 2031 501 2093 pati,
533 2041 609 2094 onam
637 2031 845 2086 malefacientes.
883 2036 954 2098 onae

111 2114 186 2166 enim
205 2113 367 2176 migratio,
395 2115 418 2166 si
441 2119 581 2178 peccantes
600 2121 627 2170 et
645 2117 803 2180 colapblzati
820 2120 953 2175 aufertis?

110 2199 159 2250 secl
178 2197 201 2248 si
222 2196 419 2252 benefacientes
438 2200 569 2262 patienter
586 2205 732 2268 sustinetis,
751 2207 817 2259 baec
835 2212 876 2261 cet
892 2221 953 2273 rra·

112 2284 151 2336 tia
170 2283 242 2346 apnd
261 2285 349 2336 beon.
375 2283 412 2348 (l.
430 2288 505 2340 Pelr.
524 2286 551 2350 4,
572 2285 614 2341 15.
636 2287 679 2343 16.
699 2291 727 2356 3,
746 2289 788 2345 17.
809 2289 835 2357 2,
855 2292 914 2356 ab.)

182 2367 210 2420 2.
231 2369 383 2426 laudabilis
401 2375 442 2424 est
460 2374 509 2426 ista
529 2375 666 2440 patientia
693 2388 760 2442 puae
777 2391 829 2431 non
847 2384 969 2436 matona-

110 2455 235 2516 alnalis,
255 2455 302 2507 sed
322 2455 400 2509 etiam
420 2458 528 2523 abeis,
559 2461 603 2525 qui
628 2462 750 2517 ridentm
766 2477 824 2518 eree
842 2467 902 2520 boni
921 2472 951 2522 et

109 2540 208 2602 amici,
237 2550 287 2592 nec
306 2545 407 2596 tantum
426 2556 473 2607 pro
490 2547 567 2598 malis
586 2548 728 2614 operibor,
757 2562 849 2604 reram
867 2555 947 2608 etiam

108 2638 156 2689 pro
186 2625 334 2679 benefactis
364 2628 413 2680 sibi
443 2631 532 2684 illatas
561 2635 693 2698 patienter
718 2637 809 2692 aaron
826 2639 944 2704 iniuriae

108 2714 180 2765 lunc
210 2713 299 2764 anima
327 2714 411 2766 amica
439 2717 483 2770 bei
510 2724 550 2770 est
572 2720 743 2786 interibiles,
774 2725 843 2776 siout
859 2727 944 2779 liliam

107 2799 177 2851 inter
206 2799 305 2861 spinas.
338 2797 439 2862 (eant.
460 2799 486 2865 2,
506 2799 544 2866 2.)
580 2807 674 2860 Lillam
702 2809 791 2873 enlm,
823 2813 945 2875 quamvis

106 2887 243 2948 pangatur
260 2895 276 2934 a
295 2884 387 2948 spinis,
407 2887 547 2948 captorem
566 2894 653 2949 tamen
670 2893 784 2958 retinet,
808 2896 943 2949 fortiorem

106 2970 232 3022 emittens
250 2969 367 3034 onorem,
387 2975 505 3036 quamsi
523 2983 761 3040 nonpnngeretor.
784 2981 829 3032 sic
845 2980 942 3043 aalma,

105 3067 204 3118 sponsa
221 3057 286 3118 bei,
316 3057 340 3108 si
358 3057 391 3110 ab
411 3059 467 3120 eis,
495 3061 540 3123 tul
567 3061 691 3114 videntur
706 3075 765 3114 eme
782 3065 816 3114 ale
832 3073 941 3114 numero

106 3140 224 3194 liliorum
243 3141 289 3194 liei
320 3147 348 3195 et
375 3144 521 3208 consortio,
551 3149 692 3209 pungatur,
721 3155 774 3196 non
802 3145 940 3193 tammari
