2384 3759
538 382 591 438 uio

145 537 213 591 quac
240 523 268 576 iu
287 523 377 586 terris,
406 523 464 576 sive
490 535 558 589 uuae
584 525 613 578 iu
632 526 713 579 coelis
731 531 800 581 suut,
837 529 902 590 iiiuc
920 535 980 596 post

143 611 295 676 passionem
313 613 341 662 et
358 610 575 665 remmectionem
593 613 708 666 ostendit
735 613 869 678 discipulis
887 627 978 671 cruen-

143 702 183 750 tas
206 708 302 750 munus
319 698 346 749 et
364 697 434 748 latus
452 695 557 750 dicens:
576 699 630 752 Par
648 699 731 753 votis.
768 701 838 753 ilaec
855 713 906 765 par
919 715 978 757 cum

142 785 195 837 lieo
213 783 271 836 sire
289 781 471 835 reconciliatio
488 782 519 836 iit
535 794 583 848 per
599 788 755 851 sangumem
768 786 861 840 curisti
880 787 978 852 tripiici

141 871 259 924 ratione:
290 870 400 923 Ratione
426 868 512 933 pretio
540 871 704 937 sufficientis,
737 874 805 938 qnod
832 873 859 926 in
881 885 914 926 eo
931 885 978 938 pro

141 957 240 1010 uostris
270 956 366 1009 debitis
384 955 478 1009 solvit:
506 958 619 1020 sanguis
646 957 791 1023 proruitis
810 959 934 1013 illudetur
950 959 978 1012 iu

140 1042 323 1096 remissionem
350 1046 525 1106 peccatorum.
544 1043 627 1104 (lac.
648 1042 691 1108 22,
706 1041 764 1106 20.)
799 1045 908 1098 liutiouc
926 1046 978 1098 ior·

140 1130 282 1191 mositatis,
310 1139 360 1192 uua
390 1139 438 1181 uos
456 1129 508 1181 lieo
535 1134 624 1194 gratos
646 1130 721 1183 iecit:
750 1129 866 1184 Christus
884 1130 979 1184 dilexit

140 1228 189 1270 nos
207 1223 236 1269 et
252 1215 361 1268 tradidit
377 1215 546 1280 semetipsum
560 1215 720 1269 oblationem
739 1223 766 1270 et
784 1218 896 1270 nostiam
914 1216 976 1282 Deo,

140 1307 241 1368 gratam
269 1301 303 1354 ad
321 1301 442 1355 enectum
460 1304 566 1355 nostrae
589 1302 819 1370 reconciliationis,
841 1315 918 1356 causa
937 1301 977 1356 ni·

139 1389 211 1442 niae
238 1386 397 1440 dilectionis.
433 1387 498 1440 Naro
524 1390 547 1441 si
574 1391 628 1444 iioe
653 1390 747 1454 iustus,
775 1395 806 1444 nt
823 1391 927 1455 dicitur,
948 1390 976 1442 iu

139 1478 260 1538 tempore
290 1473 443 1527 nacuudiae
475 1473 561 1526 iactus
588 1478 629 1526 est
660 1476 839 1529 reconciliatio
870 1479 977 1540 propter

135 1560 278 1624 iustitiam,
307 1561 391 1612 multo
417 1560 501 1625 magis
520 1559 636 1611 christus
660 1565 767 1623 propter
783 1562 892 1613 nimiam
909 1561 976 1614 cari·

138 1651 238 1709 tatem;
257 1646 318 1709 unio
336 1646 432 1700 obtulit
449 1659 497 1710 pro
509 1646 584 1701 nouis
600 1647 652 1698 lieo
665 1647 797 1710 proprium
811 1647 975 1709 sanguinem.

139 1759 173 1770 -
192 1731 303 1786 itatioue
332 1735 498 1795 gratissimae
523 1733 657 1795 caritatis,
689 1743 765 1796 quam
796 1731 821 1782 iu
840 1732 889 1782 noc
906 1729 976 1782 iacto

139 1818 344 1872 demonstrauit:
370 1822 448 1884 Apoc.
464 1817 490 1885 1,
503 1818 546 1871 5.:
574 1819 670 1872 dilexit
696 1829 743 1869 nos
768 1821 795 1870 et
812 1816 878 1870 invit
894 1827 942 1868 uos
960 1827 976 1868 a

139 1903 365 1969 peccatisnostris
383 1905 548 1971 insanguine
559 1917 608 1959 suo
626 1909 653 1956 et
670 1903 735 1957 iecit
752 1915 798 1955 nos
816 1904 869 1987 ileo
886 1903 975 1955 nostro

140 2003 252 2056 reguum
271 1993 298 2042 ct
315 1991 472 2045 sacerdotes.
510 1994 576 2046 Ecce
593 1995 744 2057 peccatores
763 1991 829 2044 Deus
848 1987 976 2052 sanpriue

138 2091 187 2131 sno
203 2077 280 2141 lavit,
307 2079 444 2142 formosos,
471 2091 560 2133 roseos
587 2081 615 2132 et
632 2077 684 2131 ileo
708 2080 797 2141 gratos
815 2073 877 2128 iecit
895 2078 922 2126 et
938 2074 976 2126 sia

139 2166 331 2230 reconciliavit,
352 2169 382 2220 ut
399 2167 426 2219 in
445 2169 518 2220 curia
535 2165 581 2219 liei
600 2163 733 2230 principes
751 2163 859 2216 iaceret.

210 2254 335 2315 Quartum
352 2253 423 2307 circa
440 2253 630 2318 pretiositatem
643 2250 780 2316 sanguinis
793 2247 887 2304 curisti
900 2259 975 2312 prae·

138 2338 220 2403 cipue
233 2339 375 2392 uomudnm
394 2344 434 2393 est
445 2341 639 2404 redemptorum
651 2337 800 2391 mulititudo.
832 2337 893 2390 Tres
905 2335 976 2390 euim

138 2425 273 2478 exercitus
284 2426 374 2490 magni
390 2427 520 2491 sanguiue
538 2427 594 2490 ejus
611 2429 674 2478 suut
690 2424 819 2489 redempti
837 2435 873 2474 sc.
893 2423 976 2476 maui-

140 2511 204 2564 iesti
222 2511 331 2576 inimici,
352 2511 453 2578 antiqui
470 2511 544 2576 justi,
564 2512 638 2565 dubii
654 2510 739 2564 amici.
771 2509 849 2564 Primi
868 2509 901 2562 de
918 2511 976 2564 vin·

140 2597 203 2650 culo
220 2598 332 2660 peccati,
351 2599 459 2651 secundi
477 2599 511 2651 de
529 2598 611 2651 limito
624 2596 729 2661 interni,
750 2597 819 2652 tertii
838 2597 871 2650 de
884 2597 977 2651 datie·

140 2688 197 2737 tate
215 2683 285 2736 ddei.
313 2686 423 2749 Propter
434 2687 499 2738 ilaec
508 2685 662 2738 triaeiiudit
677 2685 833 2748 sangninem
846 2685 879 2736 de
891 2683 975 2738 tuitus

140 2770 226 2824 iocis:
245 2770 279 2824 de
297 2772 425 2833 manibus,
445 2769 478 2823 de
496 2770 617 2836 peditus,
637 2770 670 2823 de
687 2771 797 2823 vulnere
815 2768 915 2822 lateris.

211 2857 297 2910 intuo
315 2858 348 2910 de
365 2858 496 2922 manitus,
515 2862 545 2911 ut
561 2859 714 2921 peccatores
731 2855 827 2908 uirtute
839 2853 976 2917 sanguinis

139 2958 157 2997 a
175 2945 289 2998 uinculis
306 2947 472 3008 peccatorum
498 2944 657 3006 absolveret,
685 2941 819 3007 absolutos
838 2941 871 2993 ad
889 2951 917 2992 se
935 2951 976 2992 re·

140 3036 263 3084 uocaret:
281 3032 401 3084 Porrcuit
417 3032 540 3085 sacerdos
552 3041 664 3094 maguus
681 3039 788 3081 manum
806 3037 880 3080 suain
898 3027 926 3079 iu
945 3025 977 3080 ii·

140 3117 275 3170 dationem
301 3122 329 3172 et
347 3119 441 3173 libauit
466 3119 494 3171 in
511 3118 640 3182 sauguine
657 3127 734 3178 uvae,
753 3119 782 3167 nt
800 3127 836 3168 sc.
856 3115 975 3178 peccato-

140 3213 200 3256 rum
222 3203 330 3257 uincula
350 3181 475 3260 solueret.
495 3204 583 3268 (dccl.
599 3197 718 3265 so‚16.)
753 3201 835 3264 lup:
859 3201 976 3256 christus
1078 3187 1081 3193 ’
