2384 3759
559 374 595 429 69

153 515 254 578 sitivit,
273 516 304 567 ut
322 526 370 578 pro
387 515 584 578 recuperatione
596 517 742 570 animarum
761 519 925 575 venditarum
943 522 999 575 eln-

155 604 220 665 gula
239 601 358 653 membra
376 613 424 653 sua
443 602 476 653 ad
493 602 656 665 singularem
679 614 809 667 poenam,
837 612 865 658 et
892 609 999 661 tandem

154 690 274 741 animam
293 698 369 739 suam
387 686 420 738 ad
439 687 616 749 turpissimam
638 693 748 739 mortem
772 689 884 742 otierret.
922 693 998 744 leste

154 774 185 826 li.
204 773 341 825 Bernnrdo
363 776 464 825 mnium
486 772 709 825 reconciliationis
733 774 864 827 numanae
882 776 997 830 studium

154 858 207 912 eiiii
227 858 289 922 init,
310 863 341 911 nt
356 858 389 910 ad
407 870 456 911 ana
466 858 597 921 stipendia
610 870 663 913 non
676 860 833 922 attenderet,
854 860 916 913 dum
928 874 999 915 erro·

155 956 238 997 neum
268 945 424 997 lucraretur.
462 944 481 997 0
511 949 608 1007 quanta
636 944 751 1009 dignitas
778 944 942 1008 animarum,
972 952 1000 999 et

154 1033 273 1094 quantus
291 1028 364 1081 zelos
382 1028 428 1081 liei
446 1028 479 1080 ad
498 1029 615 1092 animas,
638 1042 685 1094 pro
706 1042 815 1105 quarum
833 1032 998 1085 redemtione

155 1113 306 1178 pretiosum
333 1114 488 1177 sangninem
514 1123 591 1165 suum
618 1118 700 1167 totum
728 1115 823 1170 obtulit
849 1118 895 1170 ilci
917 1119 998 1173 lilius

155 1198 211 1250 lieo
234 1197 321 1259 Patri;
340 1210 399 1251 cum
422 1202 510 1250 tamen
530 1199 676 1254 suffecisset
697 1210 750 1255 une
767 1206 841 1264 tutte
859 1208 915 1257 tan
937 1218 996 1269 prc-

155 1283 219 1337 tiosi
236 1284 375 1345 sanguinis
393 1284 426 1336 ad
444 1284 626 1339 redimentium
645 1290 727 1341 totum
740 1300 823 1353 genus
841 1290 994 1354 humanum,

154 1368 226 1421 sicui
245 1367 312 1421 dicit
328 1370 357 1421 li.
377 1370 542 1435 Ambrosium
569 1376 597 1423 et
614 1373 746 1438 maxime,
776 1387 834 1427 cum
861 1376 912 1428 sibi
929 1376 997 1430 ninii

156 1453 331 1508 latitudinis
347 1462 526 1519 accresceret,
554 1460 599 1511 uei
626 1458 797 1515 decresceret.
834 1462 906 1515 lianc
924 1463 998 1515 nolti·

157 1542 263 1593 litatem
282 1539 428 1593 animarum
445 1544 557 1595 noverat
581 1544 798 1609 sapientiarum,
827 1560 894 1612 qnae
921 1547 998 1600 nobis

157 1625 294 1690 incognita
312 1630 360 1679 est
396 1627 467 1690 Quod
485 1630 653 1691 conqueritur
674 1628 703 1682 lt.
718 1631 873 1695 deneardus,
893 1632 996 1685 dicens:

156 1712 229 1777 ileu,
251 1710 322 1775 qnod
340 1714 393 1763 tam
411 1724 503 1775 parum
521 1714 682 1767 attendimus
700 1716 802 1767 animae
820 1717 996 1779 nobilitatem,

155 1809 210 1863 ona
230 1801 370 1862 praesente
387 1810 481 1862 corpus
497 1799 577 1851 vivit:
596 1800 671 1853 cuins
684 1800 803 1853 absentia
815 1800 915 1863 probat,
936 1802 997 1865 qnid

155 1883 215 1946 eins
234 1882 385 1947 praesentia
407 1886 532 1938 contulit:
556 1898 644 1950 onem
657 1888 724 1939 Dens
748 1886 814 1937 tanti
837 1886 996 1949 aestimavit,

155 1976 187 2022 nt
198 1969 370 2033 Unigenitum
387 1966 467 2023 sunm
482 1983 529 2035 pro
547 1984 580 2024 ea
597 1972 685 2025 daret:
706 1984 784 2038 quam
798 1971 919 2024 diabolus
931 1974 998 2025 tanti

155 2054 302 2119 reputant,
323 2056 352 2106 ut
368 2067 416 2118 pro
434 2068 467 2108 ea
484 2059 567 2109 totum
584 2058 710 2111 mundum
730 2058 844 2111 offerret.

228 2137 256 2191 3.
275 2143 463 2203 Argumentum
481 2141 537 2194 reri
554 2142 665 2195 fervoris
677 2144 765 2207 halet,
786 2143 831 2207 nui
849 2154 898 2195 nee
916 2142 998 2197 riwin

154 2224 302 2290 propriam,
323 2238 371 2278 nec
387 2238 481 2290 corpus
499 2232 591 2292 curat,
614 2233 644 2281 ut
666 2231 757 2291 plnres
775 2229 877 2281 animas
895 2230 998 2283 Christo

155 2309 316 2364 lucrifaciat.
352 2311 428 2363 llunc
445 2313 531 2366 zelum
543 2314 628 2365 iiavld
640 2313 739 2378 hahuit,
760 2327 819 2367 cnm
837 2315 916 2368 dixit:
937 2318 998 2379 onis

156 2395 223 2451 mini
243 2394 357 2460 tribuat,
385 2400 415 2450 ui
433 2410 482 2462 ego
499 2399 599 2451 moriar
615 2411 662 2462 pro
680 2400 724 2464 te,
752 2401 865 2455 iosaion
892 2402 931 2455 lili
950 2405 995 2467 mi,

155 2482 196 2535 nil
213 2483 253 2533 mi
270 2483 401 2536 londoni
419 2486 468 2545 (ii.
487 2486 553 2548 iicp.
570 2480 614 2547 18,
634 2480 693 2547 33.)
722 2486 753 2539 lit
769 2490 917 2552 Apostolus,
938 2500 997 2542 cum

155 2568 235 2621 dicit:
263 2569 318 2633 Ego
343 2574 433 2623 anum
459 2569 634 2623 libentissime
660 2570 828 2637 impendam,
857 2577 884 2627 et
906 2586 998 2638 snper·

155 2655 298 2718 impendar
315 2655 372 2719 ipse
390 2668 438 2720 pro
457 2657 594 2709 animabus
613 2658 714 2711 vestris.
735 2658 783 2720 (ΙΙ.
803 2660 864 2712 dor.
880 2656 996 2723 1215.)

154 2742 187 2795 Et
206 2742 317 2794 iterum:
345 2743 464 2806 Quotidie
491 2740 588 2796 morior
614 2747 719 2808 propter
743 2744 854 2808 gloriam
871 2748 995 2810 vestram,

155 2826 254 2880 iratres
272 2828 308 2888 (i.
328 2829 391 2881 cor.
412 2825 461 2890 15,
485 2824 542 2894 31.)
564 2829 592 2881 id
616 2832 669 2881 esi:
695 2830 785 2883 mortis
804 2831 922 2895 pericula
939 2842 996 2883 sue·

155 2911 237 2965 tineo.
274 2914 306 2968 st
321 2914 350 2967 lt.
369 2914 538 2978 liominicus,
565 2926 626 2969 cnm
652 2928 681 2967 se
708 2916 822 2969 vendere
846 2917 930 2969 voluit
946 2926 995 2977 pro

155 2998 270 3063 quodam
288 3000 400 3064 captivo,
422 3012 499 3065 onem
517 3002 642 3054 saraceni
661 3001 827 3054 detinebunt:
851 3004 878 3052 et
900 3000 995 3053 iterum

154 3096 205 3148 pro
223 3085 296 3149 allo,
325 3086 370 3151 qui
387 3086 485 3139 mansit
507 3087 577 3149 apud
594 3087 740 3139 haereticos
758 3087 864 3145 propter
881 3083 994 3136 vietum:
