2384 3759
214 497 249 552 ob
275 499 326 552 doe
341 498 497 563 sangninem
515 509 591 551 suum
610 499 687 563 didit,
714 502 745 551 ut
765 502 876 562 neooato
893 501 983 552 nostra
1002 500 1047 554 de·

214 586 291 640 leret.
330 585 403 639 llnde
430 584 499 637 enim
518 584 638 638 diabolus
656 596 704 638 nos
723 585 843 650 tenebat,
872 585 989 639 deletum
1008 589 1048 640 est

214 672 344 736 unguine
360 670 544 734 redemptoris:
564 681 618 724 non
636 673 722 724 uuum
734 671 842 724 tenenat
859 684 909 724 nos
919 671 971 725 nisi
990 674 1048 726 vio·

214 759 283 812 aulis
299 759 475 823 neeeotorum.
506 758 557 810 lsa.
570 751 615 821 44,
629 754 691 810 22:
709 761 842 812 reuertere
860 759 893 811 ad
912 771 964 824 me,
984 773 1049 825 quo·

215 845 288 900 niam
315 844 467 897 redemite.
504 843 625 896 Pomexit
649 845 738 910 itaque
757 845 875 898 christus
894 857 1002 899 manum
1020 847 1049 899 in

216 943 297 986 etune
321 934 349 984 et
365 930 458 985 olant
474 930 640 993 sangninem,
668 931 774 983 soluens
792 941 882 984 omnes
900 931 1049 983 avinculis

216 1019 382 1081 necatorum
401 1018 427 1068 et
444 1014 530 1068 adhue
548 1016 623 1080 quasi
640 1017 819 1081 numnientem
842 1028 922 1070 mauu
940 1021 1050 1070 omenta

216 1107 325 1160 sevocat
338 1105 511 1167 peecatorem.

287 1188 408 1241 seeundo
425 1187 458 1238 de
474 1185 585 1249 nedibus
603 1185 671 1239 rudit
688 1186 854 1252 sanguinem,
879 1190 909 1240 ut
926 1188 1051 1254 antiquos

216 1271 301 1338 justos
318 1273 351 1324 de
369 1270 448 1324 limbo
466 1271 561 1324 inlemi
580 1272 729 1326 educendos
751 1273 944 1327 demonstraret
970 1278 999 1326 et
1017 1274 1051 1327 ad

217 1359 329 1424 patriam
347 1359 487 1410 coelestem
504 1359 669 1422 perduceret.
706 1361 798 1413 Tmen.
810 1356 835 1422 1,
851 1356 906 1412 15.:
926 1361 1052 1413 Torcular

218 1445 332 1498 meavit
349 1443 472 1497 Dominus
484 1444 663 1508 virginituda.
687 1443 771 1498 Arbor
792 1449 818 1498 et
833 1449 934 1498 tortiora
949 1445 1051 1499 arlonis

218 1531 351 1596 signifieat
376 1531 523 1595 passionem
543 1531 637 1586 christi
664 1531 692 1583 in
711 1531 782 1598 ligno
801 1533 892 1596 erucis,
924 1534 970 1596 qui
988 1543 1054 1586 vero

218 1621 248 1674 in
265 1617 389 1672 uraniam
410 1619 507 1680 calmi,
525 1616 680 1681 sanguinem
698 1630 766 1672 uvae
783 1617 893 1682 pedibus
910 1617 991 1681 indit,
1022 1623 1055 1671 ut

219 1707 317 1760 multos
333 1717 367 1757 ex
384 1715 417 1756 eo
435 1705 517 1757 laetos
535 1703 624 1757 iaciat.
663 1705 779 1758 cunutus
797 1715 858 1768 ergo
876 1705 974 1768 virgini
985 1705 1054 1758 luda

219 1792 335 1845 uraniae
360 1790 487 1853 caleavit,
514 1789 559 1854 oni
584 1790 613 1841 in
639 1789 761 1854 passione
788 1790 872 1843 erneis
894 1792 1054 1855 sangninem

220 1877 314 1931 etlodit
331 1881 358 1930 et
371 1877 456 1940 justos
474 1877 502 1929 ln
519 1875 571 1928 ilde
589 1881 724 1941 eomuntos
751 1878 783 1930 de
809 1877 912 1930 inremo
935 1879 1054 1931 libemus

216 1964 380 2018 taetiueavit.
408 1963 484 2016 zoeli
498 1960 525 2026 94
541 1961 599 2016 ll.:
619 1967 656 2017 Tu
668 1975 770 2029 quoquo
787 1963 815 2018 iu
832 1963 961 2028 sanguine
973 1968 1054 2018 testa·

220 2052 303 2104 menti
330 2050 368 2104 tui
394 2050 508 2103 eduxisti
535 2051 636 2104 vinctos
655 2051 687 2102 de
706 2052 775 2114 laon,
803 2051 830 2104 in
857 2063 907 2116 quo
932 2063 988 2102 non
1012 2053 1055 2103 ost

221 2151 291 2204 aquo
315 2151 352 2190 so
378 2137 501 2190 eoelestis
525 2137 665 2201 refrigerii.
704 2137 781 2192 Helm.
800 2136 826 2202 9,
846 2134 897 2190 11.;
934 2137 1054 2191 christus

221 2226 347 2278 euntem
357 2224 474 2290 pontifex
487 2226 537 2276 eto.
565 2225 606 2276 l’s.
621 2220 664 2288 67,
680 2223 740 2278 18.:
761 2225 904 2278 ascendens
922 2221 951 2276 in
970 2225 1052 2276 altum

222 2312 351 2377 captiuum
371 2311 446 2362 duxit
463 2310 652 2376 captiuitatem.

291 2397 377 2451 Tertio
395 2396 464 2450 indit
480 2396 635 2460 sanguinem
662 2396 694 2448 de
715 2397 826 2450 vulnere
843 2395 935 2448 lateris
954 2399 982 2448 et
999 2406 1052 2448 eor·

221 2485 272 2548 dis,
292 2487 322 2536 ut
339 2483 481 2546 diminutos
498 2484 525 2536 in
537 2483 589 2536 fide
607 2483 700 2536 dubios
718 2487 746 2536 et
762 2482 828 2536 ullos
845 2482 944 2535 multos
962 2482 991 2534 in
1003 2481 1052 2533 dde

222 2577 250 2624 et
275 2570 360 2624 lonae
388 2571 457 2622 vitae
484 2569 629 2623 stabilitate
661 2572 774 2622 tentatos
804 2570 831 2622 et
857 2569 916 2621 ideo
945 2568 1051 2632 nigidos

222 2657 298 2724 quasi
316 2660 431 2710 mortuos
447 2657 606 2710 calefaceret
623 2655 844 2709 etrovivii’aceret
861 2660 888 2708 ot
905 2654 1052 2708 renuldo·
1116 2683 1117 2690 κ

222 2747 257 2800 tis
274 2757 322 2798 suo
333 2743 462 2808 sanguine
480 2730 517 2796 ita
535 2744 647 2796 coeleste
659 2741 826 2806 signiticaret,
845 2745 876 2794 ut
890 2745 950 2804 nost
968 2741 1052 2805 insum

222 2835 328 2887 mentes
345 2831 487 2884 currerent.
517 2831 591 2884 loan.
607 2827 649 2890 19,
664 2825 721 2882 34.:
741 2829 811 2881 Unus
828 2827 941 2880 militum
960 2827 1054 2880 lancea

222 2919 292 2972 lotus
322 2918 378 2982 etus
404 2915 508 2978 anemio
534 2917 560 2968 et
577 2915 700 2970 continuo
723 2915 806 2970 exivit
822 2913 938 2978 sanguis.
978 2915 1052 2967 cunt

222 3001 305 3068 4,9.;
333 3000 478 3056 vulnerasti
494 3011 652 3065 cormeum,
680 3013 755 3054 soror
779 3013 838 3055 mea
859 3011 965 3064 sponso,
994 3001 1054 3064 quia

223 3089 330 3143 attende
355 3100 398 3141 me
424 3088 589 3139 uulneratum
617 3091 723 3150 montes
750 3090 805 3174 teg
819 3087 880 3142 uide
898 3086 1054 3150 sanguinem

223 3187 310 3230 meum
336 3180 365 3229 et
390 3187 499 3239 sequere
527 3186 578 3227 me.
615 3175 688 3228 douo.
701 3171 744 3228 20.
762 3173 822 3228 20.:
843 3175 918 3228 Vonlt
934 3174 1010 3228 tosus
1029 3175 1055 3225 et
