2384 3759
531 311 584 370 20¹1

76 500 77 523 ,
133 455 253 520 spiritus
282 453 368 506 saneti
395 463 460 507 aera
476 453 653 518 participatio,
673 454 706 508 de
723 467 775 520 uua
791 457 853 522 sap.
868 453 911 523 12,
931 454 973 510 1.:

76 526 77 583 ἶ
134 542 257 605 (tunam
282 538 367 592 bonas
392 543 420 592 et
436 539 526 594 manis
552 542 594 592 ant
611 540 718 594 Domine
740 541 847 605 spiritus
869 547 929 596 tuns
948 545 976 596 in

76 614 77 617 '
134 628 227 691 nobis,
261 625 305 692 qui
333 638 372 678 sc.
403 625 436 678 ac
454 637 563 689 corpore
581 627 627 678 tuo
649 625 677 678 in
694 638 742 678 nos
760 627 829 690 tinit;
850 631 877 680 et
894 633 974 694 Ana:

135 712 344 777 Participatione
372 711 488 774 corporis
506 715 533 763 et
550 711 686 776 sanguinis
704 713 799 766 christi
817 715 893 768 nomo
910 715 977 770 vivit

136 811 193 854 non
211 809 319 851 sumens
338 801 441 851 tantum
452 800 654 861 sacramentnm,
672 798 743 863 quod
761 801 788 851 et
799 800 862 853 mali
874 801 976 854 iaciunt

137 887 188 940 seri
212 886 367 950 pertingens
393 895 475 950 usqne
502 884 536 937 ad
556 884 669 946 spiritus
692 883 928 950 participationem,
946 890 976 940 ut

137 973 167 1025 in
191 982 304 1034 corpore
321 971 423 1023 Domini
440 974 564 1036 unquam
581 969 728 1022 membrum
745 974 851 1024 maneat
876 975 903 1024 et
920 972 976 1036 eins

138 1059 242 1124 spiritu
259 1061 404 1121 vegetetur.
424 1083 458 1094 -
475 1054 626 1111 secundnm
644 1059 684 1110 est
696 1057 779 1120 ipsius
792 1057 886 1110 curisti
904 1061 976 1112 certa

138 1144 315 1200 inhabitatio:
331 1145 405 1197 ioan.
420 1140 446 1207 6,
460 1140 520 1208 55.;
540 1138 640 1196 iiiior:
659 1146 771 1206 Accepta
783 1155 862 1197 came
873 1145 976 1200 Domini

139 1237 167 1288 et
184 1235 281 1287 hausto
298 1231 381 1284 colice
399 1230 426 1282 io
444 1230 566 1294 ciflcitnr,
586 1233 616 1284 nt
634 1242 681 1282 nos
699 1231 727 1284 in
739 1230 840 1286 christo
859 1235 886 1286 et
904 1233 976 1286 Cirri-

138 1324 196 1374 stus
213 1320 242 1372 in
260 1317 337 1372 nobis
355 1317 399 1369 sit.
430 1318 475 1370 ist
491 1318 562 1370 enim
580 1317 698 1372 christus
718 1317 745 1372 in
763 1319 837 1374 nonu
854 1331 902 1384 per
919 1331 976 1374 car·

138 1420 212 1469 nem,
231 1406 294 1458 oum
310 1404 370 1468 eius-
383 1415 489 1459 carnem
501 1405 643 1469 accipimus
660 1407 689 1458 et
700 1417 789 1460 sumus
808 1408 834 1460 in
852 1418 895 1472 eu,
914 1407 976 1460 oum

138 1503 232 1546 secum
250 1493 316 1552 noc,
344 1491 413 1556 quod
430 1503 478 1543 nos
494 1503 595 1555 sumus,
623 1493 650 1543 in
668 1493 721 1545 lieo
740 1497 788 1546 est.
809 1519 843 1530 -
862 1496 976 1548 Tertium

138 1583 181 1632 est
199 1575 444 1630 imsimilitudinem
462 1576 583 1640 imaginis
601 1577 648 1630 Dei
665 1579 867 1631 transformatio.
898 1582 972 1633 toan.

138 1659 245 1729 1‚13.:
273 1664 400 1728 quotquot
415 1667 503 1714 antem
520 1667 678 1727 receperunt
695 1674 763 1726 eum,
785 1664 856 1716 dedit
873 1666 911 1716 eis
929 1678 975 1729 pa·

138 1752 264 1804 testatem
289 1749 359 1801 tilios
375 1749 421 1800 Dei
440 1747 496 1801 fleri
520 1751 538 1802 i.
559 1762 582 1802 e.
604 1750 743 1802 deiformes
768 1753 794 1802 et
812 1751 864 1803 lieo
882 1761 975 1804 secun-

139 1837 204 1891 dnm
223 1837 363 1900 imaginem
382 1834 491 1887 similes.
527 1836 580 1888 Nec
597 1838 684 1900 potest
702 1839 823 1890 creatura
841 1835 874 1889 ad
892 1837 976 1902 majus

138 1923 289 1989 promoveri
315 1934 393 1987 qnam
411 1922 480 1988 quod
507 1923 669 1976 assimiletur
686 1935 733 1977 suo
752 1923 871 1976 creatori.
908 1923 976 1976 Assi-

138 2012 250 2065 miiatnr
275 2014 363 2063 antem
389 2011 466 2063 homo
483 2009 536 2062 tteo
557 2009 663 2064 'virtute
692 2010 807 2075 corporis
826 2009 921 2063 christi
948 2011 976 2062 in

138 2099 236 2152 trinus:
255 2095 284 2148 in
302 2095 419 2148 interiori
437 2095 523 2148 cordis
539 2094 666 2160 bonitate,
687 2096 714 2150 in
733 2095 872 2149 exterioris
889 2096 977 2159 operis

137 2183 287 2246 fertilitate,
306 2183 334 2234 in
352 2181 481 2246 superiori
500 2182 621 2234 coetestis
638 2183 714 2246 regni
731 2180 903 2234 haereditate,

210 2273 248 2324 ne
264 2269 349 2334 primo
367 2270 399 2321 11.
411 2269 466 2321 Pet
480 2267 505 2332 1,
514 2265 557 2319 4.:
576 2267 693 2320 cometus
710 2266 814 2332 propria
826 2267 910 2331 gioria
928 2279 976 2320 sua

139 2360 167 2408 et
184 2356 292 2420 virtute,
313 2355 428 2408 nrarima
454 2359 482 2407 at
496 2354 614 2418 pretiosa
632 2354 760 2418 promissa
779 2354 796 2407 i.
818 2365 842 2406 e.
861 2353 975 2418 seipsum

138 2442 218 2494 nonis
237 2440 354 2504 donauit,
374 2446 404 2492 ut
421 2453 468 2504 per
480 2442 546 2493 naec
562 2437 709 2492 efficiamur
719 2442 854 2494 consortes
872 2440 976 2494 divinae

140 2533 262 2581 naturae.
299 2527 373 2580 Unde
390 2526 450 2580 Luc.
466 2524 492 2590 1,
506 2522 565 2579 78.:
584 2525 776 2592 iusiurandum,
794 2527 862 2592 qnod
878 2527 978 2591 jurarit

139 2614 173 2666 asi
187 2613 318 2668 numnam
330 2615 431 2678 patrem
448 2617 564 2681 nostrum
583 2612 706 2665 daturum
723 2625 754 2666 se
768 2615 853 2676 nobis,
873 2617 903 2667 ut
921 2614 976 2667 eifl-

140 2703 245 2754 ciamnr
261 2704 396 2754 consortes
413 2700 519 2753 divinae
537 2703 648 2753 naturae
671 2699 689 2752 i.
710 2712 734 2753 e.
754 2699 888 2765 bonitatis,
916 2702 977 2763 quia
1090 2696 1103 2715 ¹

138 2791 236 2841 natnra
253 2787 300 2839 liei
318 2786 421 2840 bonitas
439 2789 488 2840 est.
524 2785 654 2840 umbros:
681 2787 744 2849 Quia
762 2787 885 2840 Dominus
901 2785 977 2838 iesus

139 2885 249 2928 consors
266 2885 304 2929 sc.
332 2872 479 2926 divinitatis
504 2875 531 2924 at
556 2873 682 2936 corporis,
712 2876 739 2926 et
759 2876 797 2937 tu,
817 2871 861 2936 oni
879 2869 977 2934 accipis

139 2971 250 3015 carnmn
276 2959 343 3025 eins,
370 2959 476 3012 divinae
502 2959 664 3012 substantiae
694 2959 722 3011 in
749 2959 796 3010 ilio
817 2955 977 3021 participans

140 3049 271 3101 alimento
289 3047 307 3098 1.
328 3059 351 3100 e.
371 3057 434 3099 vare
452 3045 535 3098 bonus
554 3043 726 3099 emorousae
744 3055 783 3098 eo.

212 3134 250 3186 lte
267 3133 383 3186 securem
399 3133 442 3184 liz.
457 3127 500 3195 li,
513 3128 574 3184 ut:
599 3133 704 3184 sumam
722 3131 754 3182 de
771 3127 888 3182 medulla
905 3129 977 3184 cedri
