2384 3759
628 381 771 436 121

228 531 359 592 nemptm
388 525 487 596 bestiae
513 523 647 585 eremitis,
677 523 705 574 et
721 520 819 573 sanctis
836 518 954 583 patribus
973 519 1002 572 in
1020 524 1068 574 ae·

229 617 319 677 gypso,
340 616 369 665 ut
387 598 483 676 iegitur
500 610 528 664 in
546 610 611 664 vitis
628 610 748 672 patrum
772 606 828 669 aer,
856 608 904 660 nix
921 609 948 658 ei
966 606 1071 669 mando
1108 646 1109 687 ¹

229 699 363 763 samucii;
391 697 482 761 piuria
499 697 589 758 tiliae,
610 700 638 748 et
655 694 724 759 ignis
742 692 846 755 cidem,
867 691 912 756 oui
929 692 1068 744 devoravit
1108 692 1109 767 i

229 785 297 838 duos
327 782 579 848 quinquagenarium
611 791 674 832 ates
702 777 866 830 sanctissimo
895 778 966 830 Patri
989 779 1068 831 Fran·
1108 784 1109 789 ’

228 870 314 933 eisc03
333 868 476 921 daemones
487 866 636 931 Apostolis3
656 868 683 916 et
700 865 798 916 sanctis
816 863 965 916 bominibus
983 864 1068 926 aegn'·

229 955 345 1014 tudines‚
365 951 486 1017 aquibus
499 963 544 1004 eos
563 949 756 1012 liberaverunt;
776 953 803 1001 et
815 950 913 1002 multae
931 935 1068 1002 creaturae
1109 952 1110 985 i

230 1041 312 1102 dioysi
339 1039 366 1090 in
393 1041 516 1101 aegypto.
554 1035 585 1088 Et
611 1035 673 1099 quia
691 1034 779 1088 omnia
797 1034 924 1088 obediunt
940 1035 1012 1097 beo,
1042 1035 1069 1086 in

230 1126 316 1185 coelo,
336 1122 386 1175 sub
404 1124 488 1184 coeio,
510 1121 537 1172 in
555 1121 707 1184 purgatorio
725 1126 752 1172 et
768 1120 890 1183 interno,
910 1120 971 1174 ideo
990 1123 1068 1173 bomo

232 1209 328 1262 merito
348 1207 456 1259 deberet
473 1207 526 1258 beo
545 1205 572 1258 in
590 1207 713 1260 omnibus
722 1206 840 1270 obedire,
859 1207 915 1270 eius
927 1213 1069 1270 praecepta

230 1298 260 1348 et
278 1294 440 1347 voluntatem
459 1291 623 1356 exequendo.

301 1378 326 1432 4.
345 1381 529 1442 Argumentum
555 1389 635 1430 uerae
660 1378 825 1431 obedientiae
861 1377 941 1432 babet
957 1378 987 1430 b.
1007 1377 1069 1430 Ber·

231 1465 337 1518 nardus.
366 1463 461 1518 Fidelis
480 1462 604 1517 obediens
622 1467 705 1518 nescit
721 1477 817 1526 moras,
836 1463 1067 1528 tugitcrastinum,

232 1552 336 1616 ignorat
354 1549 513 1608 tarditatem.
532 1550 658 1614 praeripit
675 1551 894 1615 praecipientem:
914 1554 990 1610 parat
1006 1559 1071 1600 ocn-

233 1635 273 1688 ios
291 1634 378 1697 uisui,
398 1645 474 1686 aures
492 1633 611 1698 auditui,
641 1634 758 1698 lingnam
777 1634 853 1695 toci,
872 1644 966 1686 manus
983 1633 1069 1697 operi,

232 1721 314 1785 pedes
332 1720 434 1774 iuncti:
455 1724 538 1772 totum
556 1733 585 1772 se
603 1721 713 1784 corrigit,
740 1725 770 1772 ut
787 1718 941 1783 imperantis
958 1719 1070 1783 commit

233 1807 405 1862 voluntatem.
451 1805 573 1871 idemque
603 1808 631 1860 b.
663 1806 826 1859 bernardus:
864 1805 953 1858 omnis
983 1805 1069 1858 bonus

230 1891 358 1946 obediens
387 1891 432 1944 dat
459 1903 534 1944 suum
562 1893 650 1953 veile,
678 1896 705 1942 et
722 1901 798 1942 suum
816 1891 887 1943 nodie
905 1889 1024 1953 (scilicet
1040 1891 1068 1942 tn

232 1977 354 2030 manibus
371 1977 413 2029 sui
431 1976 573 2039 bruciati),
603 1981 633 2030 ut
650 1976 736 2040 possit
751 1976 854 2028 dicere:
883 1977 1005 2030 Paratum
1023 1989 1069 2030 cor

231 2064 408 2124 menippeus,
429 2066 547 2124 paratum
561 2073 607 2114 cor
623 2072 719 2114 meum.
744 2061 875 2121 Paratum,
893 2061 1068 2126 quodeunque

231 2148 407 2211 praeceperis,
422 2147 522 2200 tacere:
544 2155 663 2211 paratum
676 2147 710 2198 ad
722 2154 823 2211 nutum,
837 2151 903 2200 nutu
914 2147 992 2200 citius
1005 2149 1070 2202 obc-

229 2232 303 2284 dire:
323 2237 442 2294 paratum
453 2233 499 2285 tibi
510 2244 615 2295 uacare,
630 2233 756 2296 proximis
765 2233 923 2297 ministrare,
936 2234 1067 2298 meipsum

229 2316 372 2380 custodire,
393 2321 420 2370 et
437 2318 464 2370 in
481 2319 636 2372 coelestium
652 2320 874 2382 contemplatione
891 2320 1067 2383 montescere.

302 2397 328 2452 5.
348 2405 535 2467 amentum
562 2404 757 2456 inobedientiae
784 2412 841 2467 est,
868 2418 928 2460 oum
947 2406 1069 2460 subditus

231 2485 384 2540 mandatum
411 2489 524 2542 Praelati
550 2489 676 2553 injustum
703 2493 827 2560 reputat,
860 2497 887 2544 et
912 2503 947 2544 ex
971 2494 1023 2544 boc
1040 2494 1067 2544 in

229 2572 310 2625 corde
340 2578 499 2636 murmurem,
531 2574 627 2628 deinde
657 2574 811 2632 mandatum
836 2589 866 2629 se
884 2578 995 2641 impiere
1014 2591 1068 2631 non

229 2669 318 2722 posse,
337 2671 385 2712 nec
402 2660 499 2712 debere
517 2665 640 2725 excusam
666 2665 759 2723 postes
786 2662 904 2716 diuersas
927 2665 985 2718 rias
1004 2676 1068 2718 eva·

229 2743 311 2797 dendi
330 2744 461 2798 subtiliter
478 2746 623 2808 excogitan
643 2747 677 2799 ad
695 2748 816 2804 ultimum
834 2751 936 2815 aliquos
953 2751 1066 2815 inducit,

229 2831 277 2894 uui
289 2832 406 2886 consiliis
419 2830 743 2896 velprecibusmandatum
754 2834 906 2897 impediunt,
918 2831 962 2890 vel
970 2841 1069 2890 retrac-

230 2919 296 2970 tent
308 2916 350 2970 sic
360 2929 411 2971 non
424 2917 631 2981 recitabrabam
645 2919 689 2983 qai
703 2924 780 2972 nocte
792 2921 865 2984 abiit,
880 2922 1069 2976 nimandatum

228 3001 317 3054 subito
341 3003 468 3066 expleret,
491 3001 642 3066 relinquens
668 3015 758 3056 seruos
778 3005 806 3057 in
823 3007 1008 3071 pedemontis,
1033 3021 1069 3061 ne

230 3087 315 3151 ipsum
332 3087 360 3140 in
376 3089 506 3142 occisione
525 3089 672 3141 charissimi
688 3089 736 3142 diii
748 3092 913 3155 impedirem
933 3092 995 3146 ideo
1014 3095 1069 3148 lar·

230 3184 294 3235 sam
313 3173 526 3228 benedictionem
544 3176 691 3239 promeruit
708 3176 796 3230 sibiet
812 3190 861 3230 suo
878 3181 982 3234 semim
