2384 3759
532 316 568 372 61

128 456 247 510 scienter
274 456 465 520 transgreditur
491 457 582 511 dirim
606 462 745 523 praccepta
772 465 799 513 et
817 466 894 524 vota3
921 462 969 514 scd

128 555 236 607 semper
253 542 369 595 intendit
386 542 520 607 proicere,
540 546 568 596 et
584 544 714 608 exemplis
730 545 792 599 lesu
810 547 923 610 Cuncti,
944 554 972 601 et

128 629 229 683 divinis
256 630 374 682 moribus
400 640 431 685 ae
457 630 628 683 conformare.
666 631 703 683 lle
732 631 782 684 hac
808 635 972 687 couscientia

128 715 268 779 gaudebat
284 718 312 767 et
328 715 492 779 gloriabatur
508 715 662 777 Apostolus,
680 715 787 769 dicens:
816 718 904 773 Gloria
920 732 968 773 no·

127 805 185 858 atra
202 802 273 853 naec
292 804 345 853 est:
371 800 548 853 toatlmonium
564 801 741 855 conscientiae
762 804 881 868 nostrae,
903 807 973 870 cuod

128 888 156 940 in
173 885 349 951 simplicitate
366 886 453 939 cordia
471 891 499 939 et
514 886 665 941 sinceritate
683 888 742 951 pei,
768 892 795 941 et
813 890 912 942 nonin
931 874 973 943 sa·

129 975 234 1038 pientia
251 972 363 1036 carnali,
383 972 434 1024 ced
447 972 476 1025 iu
492 974 578 1037 gratia
595 972 642 1026 Del
666 976 813 1029 conversati
836 986 927 1029 sumno
945 976 974 1029 lu

129 1064 180 1113 noe
210 1059 330 1122 mundo,
358 1057 536 1111 abuudantius
565 1064 654 1113 antem
681 1060 714 1113 ad
741 1072 796 1114 vos.
834 1063 884 1123 (ll.
905 1064 971 1117 Gor.

199 1229 228 1283 3.
250 1231 290 1284 Ad
307 1241 397 1283 reram
413 1230 543 1284 laetitiam
560 1230 684 1283 inducere
711 1244 759 1285 nos
777 1233 874 1298 debet,
902 1236 972 1301 quod

128 1331 212 1385 super
229 1312 321 1371 omnia
337 1316 421 1369 tonna
438 1316 519 1379 deus,
539 1316 609 1368 inter
626 1328 715 1370 omncs
732 1323 868 1392 creaturas
886 1322 972 1373 solam

129 1407 283 1459 creaturam
301 1404 442 1455 numanam
460 1401 489 1453 in
516 1406 619 1456 tantum
645 1402 696 1455 sibi
722 1404 825 1470 univit,
853 1409 884 1457 ut
909 1418 973 1459 vere

128 1492 237 1545 dicatur
259 1490 328 1542 Deua
345 1499 403 1541 esse
420 1489 508 1551 homo,
526 1492 555 1541 et
571 1490 648 1541 hoino
666 1500 724 1541 esse
735 1489 811 1542 deus.
849 1490 881 1544 ill
898 1492 974 1556 quid·

128 1576 280 1643 ouidlteua
292 1573 373 1627 liabet
384 1584 432 1637 per
448 1577 578 1639 naturam,
596 1574 676 1627 habet
693 1575 770 1628 horno
788 1579 974 1641 pergratiam.

127 1664 269 1738 dlusquam
288 1660 359 1713 enim
377 1662 486 1725 angelos
504 1660 691 1725 apprehendit3
714 1661 761 1713 sed
783 1672 874 1712 aemon
891 1662 974 1713 dora·

128 1752 181 1803 irae
200 1746 397 1812 apprehendit,
423 1749 453 1798 nt
479 1744 544 1799 dicit
560 1746 708 1810 apostolus.
747 1746 840 1807 (Hedr.
860 1742 891 1809 2,
918 1742 973 1806 16.)

128 1837 345 1899 chrysostomus:
365 1834 456 1887 iionne
472 1834 655 1897 magnumyeet
673 1835 700 1883 el
717 1830 848 1892 mirabile,
867 1840 975 1883 carnem

128 1924 253 1976 nostum
269 1930 375 1972 snraurn
392 1919 503 1984 sedere,
531 1922 559 1972 et
584 1918 619 1970 ab
637 1916 739 1980 angelis
763 1918 790 1968 et
808 1916 975 1979 archangelis

129 2007 259 2063 adorauit

202 2092 285 2147 Aliud
301 2091 464 2144 inductivum
482 2094 540 2152 est,
570 2090 638 2155 quod
656 2091 723 2143 Deus
749 2100 797 2141 nos
819 2086 976 2143 certificavit

129 2182 164 2235 de
183 2182 297 2233 aeterna
314 2176 487 2239 beatitudine,
506 2176 640 2239 promissis
659 2176 725 2240 legis
744 2180 771 2229 et
788 2178 976 2240 prophetarum

128 2266 237 2321 munita
256 2262 549 2326 coronamentorum
566 2261 646 2313 illud:
674 2261 877 2325 iusiurandum,
904 2264 974 2328 quod

127 2353 235 2418 iuravit
252 2349 434 2403 adiltrudam
451 2352 552 2412 patrem
575 2351 708 2411 nostrum,
733 2349 854 2402 daturum
876 2360 906 2402 se
930 2363 977 2404 uo·

130 2442 189 2505 bia,
207 2438 290 2503 (Laoc.
312 2434 344 2500 1,
358 2431 426 2498 ⁸73.)
445 2446 492 2498 per
508 2434 648 2499 privilegia
666 2438 778 2500 quatuor
794 2436 976 2499 Evangelista·

129 2538 206 2580 rum:
226 2535 276 2586 per
287 2522 466 2576 testimonium
479 2522 674 2585 apostolorum:
693 2532 741 2584 per
756 2522 850 2585 pignus
863 2522 976 2585 spiritus

130 2610 221 2665 sancti
240 2609 268 2661 in
286 2608 426 2671 baptismo,
446 2608 491 2671 uui
509 2611 550 2661 est
567 2608 662 2673 pignus
674 2606 845 2662 haereditatis
857 2615 979 2661 nostrae:

131 2709 183 2762 per
200 2697 325 2758 mnam,
354 2696 382 2747 ld
408 2698 462 2746 est:
488 2692 726 2758 praegustationem
745 2694 931 2747 indevotione
950 2698 977 2747 ot

132 2782 279 2837 dulcedine
290 2782 349 2835 liei:
368 2793 416 2845 pcr
427 2780 555 2845 obsidem,
574 2782 618 2846 oui
631 2780 809 2845 esculentus,
824 2783 977 2845 unigenitus

132 2870 181 2924 liei
199 2868 281 2921 duna.
317 2868 356 2921 Ad
372 2868 423 2921 lroc
441 2866 541 2930 duplex
557 2866 684 2931 gaudium
703 2868 822 2921 hortatur
843 2880 892 2919 nos
909 2870 977 2927 Apo·

132 2956 240 3017 swina,
267 2953 372 3007 deone:
392 2953 509 3007 tardere
527 2954 555 3005 in
572 2954 682 3005 domino
701 2962 820 3016 semper3
839 2947 978 3015 (videlicet

132 3045 246 3107 propter
263 3040 380 3094 dirimi
396 3039 536 3100 unionem)
554 3041 649 3095 iterum
667 3038 741 3091 dico:
761 3036 874 3100 gaudete
892 3030 978 3096 (nem-
