2384 3759
606 417 659 474 214

456 631 612 703 CAPUT
634 629 805 698 XXVIII.

215 773 264 835 no
288 773 455 844 sanguims
483 771 604 829 christi
632 769 746 830 valore¹
771 751 802 824 et
830 749 1054 839 magnitudine

217 861 344 917 virtutis
357 859 446 916 iilius
465 860 498 916 in
511 873 606 914 cruce
625 857 690 913 iusi
709 858 740 912 et
758 857 797 914 de
810 856 1055 928 redemptorum

530 943 743 1001 multitudine.

286 1072 400 1126 Tertium
426 1073 496 1124 circa
523 1069 711 1134 pretiositatem
738 1068 874 1130 sanguinis
892 1068 999 1132 Christi,
1026 1071 1055 1120 ut

217 1158 398 1212 consideratur
423 1158 650 1218 tumescimus,
679 1155 820 1220 praecipue
838 1153 994 1218 notandum,
1015 1159 1055 1208 est

216 1244 322 1297 virtutis
340 1243 492 1305 magnitudo
510 1247 538 1294 et
555 1241 673 1294 consistit
689 1243 755 1294 haec
779 1241 807 1292 in
825 1239 920 1293 tribus:
950 1241 979 1292 iu
998 1242 1053 1293 dia·

216 1329 271 1382 boii
289 1328 474 1392 destructione,
493 1329 521 1381 in
539 1327 630 1380 mundi
642 1326 832 1391 redemptione,
851 1326 879 1378 in
897 1326 945 1379 liei
963 1339 1054 1381 recou-

217 1415 358 1468 ciiiatioue.
753 1471 755 1476 ,

285 1502 322 1554 ite
340 1501 423 1565 primo
441 1499 489 1555 iod
501 1496 545 1569 40,
558 1495 622 1553 20.:
643 1500 771 1566 Numquid
790 1501 879 1564 capies
897 1499 1052 1554 Leriatham

216 1590 310 1650 hamo,
329 1589 438 1652 supple:
458 1587 527 1641 sicut
544 1599 606 1652 ergo
624 1587 779 1640 Leviatiuam
798 1589 838 1638 εει
856 1585 987 1649 diabotus,
1009 1590 1054 1640 ira·

216 1687 275 1728 mus
295 1675 352 1728 sire
370 1675 478 1726 aculeus
497 1674 523 1724 in
542 1685 618 1736 esca,
650 1677 691 1725 est
708 1673 754 1724 itei
772 1671 843 1725 titius
861 1672 889 1724 in
908 1685 989 1725 carne
1007 1675 1055 1726 iau·

216 1773 296 1814 mana
308 1764 443 1824 assumpta
455 1759 629 1813 absconditus.
662 1760 713 1812 isto
732 1761 809 1812 namo
828 1763 919 1823 captus
938 1765 981 1812 est
1000 1759 1054 1812 dia·

217 1846 293 1900 dotus
312 1852 339 1899 et
360 1848 493 1911 deceptus,
514 1846 575 1912 puio
594 1847 655 1898 dom
675 1847 780 1898 carnem
800 1847 945 1900 innocentis
958 1847 1055 1900 consti

217 1933 246 1986 in
264 1945 341 1986 cruce
359 1934 477 1986 mordere
497 1937 523 1985 ct
541 1933 676 1986 effundere
688 1934 842 1998 sanguinem
861 1931 959 1994 iniuste
979 1945 1054 1997 prae·

217 2020 320 2083 sumsit,
341 2021 428 2073 lateus
444 2020 553 2072 aculeus
580 2019 726 2072 divinitatis
744 2023 901 2083 potestatem
920 2018 979 2081 ejus
996 2031 1053 2084 per·

217 2106 327 2159 donando
354 2107 493 2159 destruxit.
529 2106 583 2158 iioc
609 2104 750 2169 figuratum
776 2108 816 2156 est
833 2103 925 2156 Daniel
943 2099 988 2168 14,
1006 2100 1051 2155 26.

287 2193 323 2244 De
345 2193 459 2245 secundo
486 2193 507 2245 i.
530 2192 563 2244 ad
582 2190 638 2245 cor.
657 2188 683 2255 6,
697 2187 757 2244 20.:
788 2191 854 2244 Emti
881 2189 944 2242 estis
968 2191 1050 2254 pretio

217 2288 320 2340 magno.
358 2279 421 2342 iipn.
437 2276 463 2342 1,
478 2277 517 2330 i:
537 2278 669 2330 Habemus
687 2277 893 2342 redemptionem
920 2289 968 2340 per
993 2288 1051 2330 sau·

217 2363 322 2426 guinem
336 2365 430 2416 christi
449 2365 477 2417 ln
495 2364 674 2418 remissionem
692 2368 867 2428 peccatorum.
898 2363 964 2416 iiiuc
982 2363 1053 2416 canit

218 2449 347 2501 ccclesia:
366 2453 393 2502 te
412 2461 473 2514 ergo
492 2463 649 2515 quaesumus
669 2450 720 2502 tuis
733 2449 838 2502 iamuiis
849 2449 970 2514 subveni,
990 2461 1053 2514 quos

217 2533 334 2598 pretioso
352 2537 481 2600 sanguiue
498 2537 641 2590 redemisti.
680 2540 759 2601 nup:
788 2535 852 2599 Quid
871 2536 934 2589 iecit
950 2535 1053 2588 redem-

216 2621 279 2684 ptor
296 2622 452 2684 captivatori
469 2626 577 2676 nostroe
613 2623 732 2676 detrudit
749 2622 774 2675 ei
792 2621 976 2686 muscipulam,
996 2634 1053 2674 cru·

218 2718 275 2760 cem
288 2719 372 2772 suom,
393 2709 481 2774 posuit
497 2710 534 2763 ioi
547 2722 644 2772 escam,
660 2721 751 2772 corpus
764 2709 953 2774 etsunguiuem
965 2719 1051 2761 suum.

215 2790 266 2846 iiie
285 2797 373 2847 autem
392 2797 548 2871 sangninem
567 2795 844 2859 mditnou'debitoris,
865 2795 1053 2860 propterquod

211 2880 302 2944 iussus
330 2885 371 2934 est
397 2882 508 2935 reddere
535 2884 675 2936 debitores.
713 2883 778 2936 Hinc
802 2882 873 2934 cauit
891 2883 1054 2935 ecolesimo

215 2976 280 3018 crux
299 2967 422 3030 gloriosa,
451 2979 499 3029 per
516 2980 594 3032 qnam
622 2969 742 3022 diabolus
767 2973 807 3022 εει
825 2969 909 3022 victus
934 2974 961 3022 et
979 2981 1055 3022 mun·

217 3049 265 3102 dus
283 3051 379 3104 christi
396 3053 526 3116 sanguine
543 3055 685 3108 redemtus.
758 3063 759 3068 ’

284 3137 321 3187 ite
345 3139 423 3190 tertio
454 3137 486 3188 ad
506 3139 604 3190 coloss.
625 3137 650 3203 1,
674 3137 736 3194 le:
766 3141 884 3196 christus
908 3145 949 3196 est
976 3147 1057 3206 caput

214 3222 331 3282 corporis
350 3223 478 3276 ecciesiae
497 3223 637 3288 pacidcans
655 3239 704 3290 per
715 3230 870 3292 sauguinem
884 3229 980 3293 crucis,
998 3228 1056 3280 sire
