2384 3759
529 361 582 420 189

133 505 276 572 significat,
296 504 442 558 iuvenum.-
467 504 603 558 Invenitur
621 509 708 558 autem
729 508 778 572 lroc
796 507 864 572 qnod
877 507 970 562 Sacra·

131 596 254 646 mentum
271 590 409 655 signidcat,
437 591 542 656 quando
568 593 715 645 membrum
734 593 829 646 curisti
848 593 970 662 elicitur,

134 679 241 746 quaudo
254 677 387 730 credendo
398 680 426 730 et
437 677 549 730 amando
560 679 733 742 spiritualiter
744 679 893 743 manducat,
912 680 973 744 quia

133 767 171 818 sic
196 766 227 817 in
255 775 352 828 corpus
369 763 464 823 curisti
490 773 554 817 uarc
580 765 759 829 conuertitur,
789 766 820 816 ut
837 775 896 816 curu
916 765 972 828 ipso

133 850 307 905 aeternaliter
329 851 413 904 uiuat.

421 1021 577 1096 CAPUT
601 1025 683 1093 XX.

134 1166 183 1224 ile
201 1164 297 1221 terlio
316 1165 415 1220 modo
433 1164 649 1222 manducandi
668 1156 714 1222 sc'.
734 1165 773 1221 da
792 1179 971 1221 sacramen-

352 1249 409 1305 tali
427 1251 459 1305 ei
476 1249 637 1322 spirituali
657 1251 764 1308 simul.

205 1375 308 1430 Tertius
334 1375 428 1428 modus
444 1375 621 1429 manducandi
647 1387 742 1440 corpus
761 1375 856 1432 curisti
875 1379 915 1430 est
932 1389 972 1429 su·

134 1462 308 1517 uramentulis
326 1464 353 1514 ct
379 1461 528 1525 spiritualis
546 1463 642 1527 simul,
675 1475 726 1528 quo
743 1463 807 1516 boui
831 1463 973 1517 christiani

130 1549 339 1603 communicant.
377 1547 543 1601 Undecima
574 1551 645 1602 iruuc
671 1549 776 1602 modum
794 1552 905 1613 possunt
921 1550 973 1602 triu

134 1634 243 1688 notari:

204 1721 336 1774 Primum:
361 1720 502 1773 multitudo
520 1731 574 1774 nou
592 1721 839 1775 communicantium
859 1733 895 1774 sc.
915 1733 972 1774 ma·

134 1810 230 1862 iorum.
266 1808 332 1860 cum
349 1805 420 1858 euim
437 1807 534 1871 triplex
551 1807 587 1860 sit
603 1809 696 1861 modus
713 1808 903 1862 manducandi:
932 1821 970 1862 sc.

134 1893 337 1948 sacramentalis
354 1895 466 1956 tantum,
494 1905 545 1958 quo
572 1895 637 1947 mali
655 1893 794 1948 Christiani
812 1895 973 1948 manducant

134 1985 162 2033 ct
178 1985 270 2034 minan
287 1991 340 2032 uon
358 1979 531 2044 manducant3
550 1980 695 2044 spiritualis
707 1983 818 2046 tautum,
840 1993 890 2047 uuo
908 1981 971 2034 doni

132 2079 189 2120 non
215 2065 376 2118 manducant
402 2069 429 2117 et
453 2067 542 2119 murco
568 2067 742 2133 manducaut;
772 2069 972 2121 sacramentalis

134 2158 162 2206 et
179 2153 331 2217 spiritualis
349 2151 436 2216 simul,
468 2163 520 2216 ouo
545 2153 595 2205 soii
621 2154 684 2206 noui
702 2153 842 2206 christiani
860 2153 973 2206 maudu-

134 2243 199 2292 cant
215 2241 244 2291 et
260 2238 465 2291 manducantur:
493 2242 577 2291 restat
598 2239 632 2290 ed
650 2239 786 2292 divisionis
803 2239 881 2302 liujus
899 2239 971 2292 sulii·

133 2326 261 2379 cientium
277 2324 418 2378 multitudo
436 2325 565 2390 quaedam
582 2327 719 2389 maiomm,
740 2325 784 2390 qui
802 2337 850 2378 nec
863 2325 972 2377 mandu-

134 2417 198 2465 caui
214 2423 265 2464 nec
277 2411 476 2475 manducantur,
496 2411 557 2476 puio
568 2423 605 2464 sc.
620 2419 716 2475 corpus
726 2411 821 2464 christi
833 2420 885 2464 uon
895 2421 972 2464 man·

133 2500 234 2552 ducant
258 2501 286 2550 ct
311 2497 370 2550 ideo
389 2503 498 2550 aemma
520 2501 607 2551 morte
623 2497 753 2562 peribunt.
790 2499 900 2552 istorum
918 2501 972 2552 tres

132 2590 196 2639 suut
213 2583 315 2648 specics
333 2583 391 2636 siue
409 2587 524 2637 turmae:

208 2671 295 2724 Primo
313 2669 441 2734 inildcles,
471 2681 578 2734 qnorum
596 2671 676 2724 corda
697 2685 745 2736 per
770 2672 898 2725 malitiam
923 2671 972 2724 iai·

133 2761 207 2812 iente
234 2755 339 2809 diabolo
367 2757 405 2809 sic
423 2762 565 2810 excaecata
582 2763 656 2822 sunt,
679 2761 709 2812 ut
726 2771 779 2813 uon
798 2755 900 2822 pos'sint
917 2769 972 2810 cre·

132 2847 197 2898 dere
210 2847 239 2896 ct
250 2842 510 2907 cognoscere'diuina
521 2849 694 2910 sacramenta,
714 2857 760 2909 pro
778 2845 864 2898 salute
880 2843 971 2896 muudi

131 2929 252 2985 miruirili
278 2929 410 2993 sapientia
426 2931 473 2982 lici
501 2930 629 2984 instituta.
664 2933 701 2985 iic
725 2933 766 2984 iris
782 2933 855 2985 ioan.
874 2928 898 2996 6,
911 2925 969 2982 du:

129 3016 266 3084 puomodo
283 3019 370 3080 potest
386 3017 430 3068 iric
447 3015 524 3068 nouis
542 3026 647 3070 caruem
666 3029 741 3070 suam
754 3021 820 3082 eto‚;
840 3015 913 3082 quasi
933 3014 971 3067 di·

132 3107 222 3159 caret:
240 3114 295 3155 uon
312 3103 452 3160 credimus.
472 3102 541 3166 puod
558 3103 643 3166 possit
660 3104 731 3156 dare.

203 3189 324 3244 seeundo
341 3190 524 3254 negligentes,
551 3192 596 3254 oui
624 3189 810 3254 temporalibus
838 3189 917 3242 lucris
945 3191 972 3241 et
