2384 3759
626 336 661 391 98

226 479 254 531 ln
271 478 347 529 nonis
364 476 488 539 oneribus
505 478 629 531 oontinue
647 490 676 530 se
688 481 808 542 exereet;
827 482 854 531 et
871 480 1021 544 praecipue
1039 482 1065 532 in

226 563 357 626 spirituali
374 565 556 627 eleemosyna,
584 575 652 628 quus
670 568 711 616 est
728 564 861 617 remittere
878 566 1011 632 interino,
1040 574 1065 621 ei

226 662 414 715 supererogare
431 650 571 703 erutiones
607 652 643 703 lle
667 662 717 715 qun
741 652 837 704 ‹lleitur
854 653 881 705 in
899 654 995 706 loliis:
1023 652 1061 719 (4,

226 733 270 789 11.
291 733 349 796 12.)
374 738 543 799 eleemosyna
570 738 603 790 sle
630 739 699 789 omni
727 742 852 802 peceato,
881 743 908 791 et
935 752 952 792 u
978 745 1064 795 morte

226 825 335 877 liberal:
355 829 382 877 et
399 836 453 877 non
470 826 586 887 metietur
597 824 712 879 animum
730 828 803 877 tuum
820 826 859 877 ire
878 824 906 877 in
924 828 1059 881 tenebras.

226 911 332 965 lidueiu
349 924 445 974 mugnu
462 912 514 964 erit
529 923 617 965 eorum
634 922 736 965 summo
748 914 803 966 lieo
820 914 991 977 eleemosyna
1009 924 1063 967 om·

226 999 304 1051 nilons
321 998 479 1051 lueientiims
496 1010 563 1050 eum.

296 1086 372 1138 Aliud
398 1089 581 1147 argumentum
613 1096 692 1139 verse
720 1084 895 1138 confidentiae
921 1086 1005 1139 nebel
1031 1088 1062 1139 ile

226 1170 379 1223 remissione
396 1175 580 1234 neeeetomm
610 1174 654 1237 qui
680 1172 869 1236 injuventute
895 1176 922 1225 et
948 1174 1062 1225 suniuie

229 1267 277 1307 sne
297 1256 330 1306 ml
348 1266 437 1307 rerum
465 1256 653 1318 poenitentium
680 1268 727 1320 oro
754 1257 914 1320 perculisse
937 1258 1060 1319 exilitum

98 1388 120 1415 ⁰
227 1344 295 1393 teste
312 1341 471 1404 Augustino:
497 1344 525 1395 Si
548 1343 607 1407 onis
634 1344 732 1407 positus
750 1342 777 1393 in
794 1344 886 1396 ultime
905 1346 1062 1397 necessitate

228 1426 401 1489 aegritudinis
427 1440 492 1480 snue
519 1430 632 1481 voluerit
659 1429 777 1493 occipere
799 1428 1006 1493 poenitentium,
1036 1434 1063 1482 et

229 1513 334 1576 euoluit,
353 1518 460 1566 elmon
477 1515 707 1575 reconciliabitur,
737 1518 763 1567 et
785 1515 846 1567 hine
863 1515 950 1568 vuilit:
978 1517 1063 1569 luteor

227 1597 311 1664 vobis,
331 1611 383 1651 non
401 1600 443 1651 illi
460 1612 601 1665 negemus,
625 1602 693 1666 qnod
713 1602 792 1665 petit3
820 1602 865 1653 soil
883 1614 936 1654 non
954 1614 1061 1665 proesu-

227 1684 332 1747 illimus,
352 1686 413 1749 quie
425 1686 486 1738 line
504 1687 572 1738 nene
590 1686 653 1739 exit.
690 1687 746 1739 lion
763 1698 913 1750 praesumo,
939 1699 993 1740 non
1016 1700 1061 1741 vos

228 1772 302 1835 lello,
321 1784 374 1825 non
392 1783 538 1835 praesumo.
576 1772 672 1824 Fidelis
690 1772 757 1825 nene
769 1774 861 1825 vivens
875 1784 983 1825 securus
1002 1774 1061 1825 nine

229 1858 292 1911 erit.
330 1858 480 1921 inminutus
503 1858 537 1909 erl
563 1860 654 1911 liorem
672 1870 781 1911 securus
799 1858 860 1911 nine
877 1858 940 1910 erit
976 1862 1062 1923 Agens

228 1944 418 2007 poenitentium
437 1947 464 1995 et
481 1944 675 2007 reconsiliatus,
697 1956 755 1995 euin
768 1956 847 1997 sanus
861 1948 909 2007 est,
930 1950 957 1997 et
968 1948 1061 2009 postes

228 2032 423 2093 benennom,
451 2039 559 2083 securus
585 2030 647 2081 lrlne
670 2029 732 2081 exit.
770 2032 855 2093 Agens
873 2030 1061 2105 poenitentium

228 2117 411 2180 anullinum,
430 2121 457 2169 et
474 2116 668 2179 resoneiliutus‚
687 2117 709 2167 si
727 2128 834 2168 suenrus
847 2114 908 2167 lrlne
927 2116 993 2181 erit,
1014 2128 1061 2180 ego

227 2214 280 2255 non
296 2214 356 2254 snm
373 2215 488 2255 seenrus.
520 2204 551 2255 lit
568 2203 649 2265 poulo
666 2204 736 2265 nost:
756 2200 883 2265 Numquid
896 2201 970 2253 ileo:
992 2202 1062 2255 dum-

228 2288 348 2340 ueniunt
365 2290 422 2342 Non
439 2289 506 2343 dieo.
542 2289 594 2341 Sed
613 2289 671 2343 olleo
690 2290 784 2340 etium:
804 2286 976 2341 liberabitur?
988 2290 1060 2342 lion.

193 2414 197 2417 .
227 2376 259 2427 lit
276 2372 338 2437 quin
356 2372 422 2425 dieis
440 2374 522 2426 milit
539 2375 642 2428 llesoio.
678 2374 733 2425 Non
758 2384 908 2436 praesumo,
932 2384 987 2426 non
1007 2386 1062 2437 pro·

228 2459 321 2519 mitto,
349 2458 446 2511 neseio.
483 2460 621 2513 vislerio
640 2458 718 2511 dublo
746 2458 875 2512 linererei
902 2459 964 2523 liis,
997 2460 1063 2527 quel

228 2544 357 2595 intertum
375 2547 424 2605 est
445 2544 574 2596 eunome?
591 2548 646 2608 Age
664 2544 866 2609 poenitentium,
896 2546 958 2597 ilum
985 2558 1063 2599 senus

228 2640 264 2679 es.
302 2626 330 2679 sl
346 2628 417 2679 enirn
434 2629 491 2692 egis
508 2640 597 2681 verum
615 2630 817 2693 poenitentium,
846 2632 907 2683 lum
925 2644 1010 2684 sunus
1028 2646 1062 2695 es,

228 2719 256 2767 et
272 2712 402 2766 invenerit
419 2716 446 2764 te
463 2714 622 2767 nonsslmus
641 2715 706 2777 dies,
725 2726 810 2779 eume,
829 2719 860 2767 ut
870 2718 1061 2770 reconcilieris.

228 2800 256 2855 Si
273 2800 312 2851 sio
329 2800 394 2862 egis,
413 2810 521 2852 securus
538 2812 576 2851 es.
613 2803 695 2864 onere
713 2812 821 2855 seeurns
839 2803 884 2854 esi
903 2801 968 2863 onia
988 2803 1063 2867 egisti

228 2886 418 2951 poenitentium
436 2897 468 2937 eo
485 2890 614 2949 tempore,
633 2898 684 2951 quo
703 2890 730 2939 ei
747 2898 856 2951 pestere
879 2888 1000 2951 potuisti.
1037 2890 1062 2942 si

229 2977 317 3025 eutem
335 2972 375 3022 vis
393 2982 472 3033 egere
489 2970 678 3032 poenitentium
692 2974 773 3037 ipsum
787 2979 858 3039 tune,
878 2976 985 3038 quondo
1004 2988 1061 3041 peo-

229 3070 289 3110 eere
308 3069 360 3109 non
378 3061 461 3120 potes,
480 3059 627 3119 peccante
640 3057 803 3123 dimiserunt,
822 3072 875 3113 non
886 3064 915 3113 in
927 3061 985 3113 illu.
1013 3062 1061 3116 Sel

230 3144 300 3195 uncle
318 3142 379 3206 seis,
398 3143 494 3206 inquis,
513 3152 548 3193 ne
565 3131 634 3195 lorte
651 3144 720 3196 Deus
738 3145 852 3199 dimittet
869 3147 952 3199 minii
968 3148 1060 3201 lemn
