2384 3759
620 389 656 449 58

216 541 311 601 tetur,
337 546 434 589 orrens
457 535 555 599 mem,
583 546 619 587 ue
644 546 719 587 mens
742 535 784 587 rel
808 535 835 587 ln
859 534 934 597 elluo,
962 535 1007 586 uel
1030 534 1055 585 lu

218 625 304 687 potu,
331 622 374 674 uel
399 621 428 673 tu
452 632 556 684 summ,
575 621 620 673 rel
646 621 674 673 ln
696 620 783 685 aliquo
805 622 925 673 ereetum
946 620 1055 671 mlulme

218 708 425 761 delectationem
455 709 586 771 pulerit,
621 708 648 757 et
679 707 718 759 sie
748 718 763 757 o
794 706 895 758 terrore
928 706 1053 769 tepescet.

219 793 294 849 lieno
321 794 481 847 onmetntem
514 791 594 845 nebel
622 802 718 857 sponse
746 792 780 844 sel
807 802 929 856 sponsum
956 790 1055 843 ehorn-

217 880 326 945 simum,
345 892 380 933 ne
398 882 425 934 ln
443 880 533 945 aliquo
549 881 641 941 motu,
669 877 790 940 incessu,
817 877 898 930 rerlro
924 877 968 929 rei
987 876 1055 929 lietu

217 965 306 1029 ipsum
323 965 448 1029 otientet,
467 977 518 1030 ouo
536 962 750 1028 iugratitudinem
768 963 823 1027 ejus
835 964 958 1015 incurret.
979 963 1054 1023 item,

218 1064 256 1105 ne
272 1053 361 1105 miuus
377 1057 454 1117 reete
470 1053 507 1105 slt
522 1062 571 1115 per
591 1050 695 1112 culpem
718 1049 852 1113 aliquem,
880 1047 958 1099 etiem
978 1048 1055 1099 mini·

217 1147 298 1190 mom.
317 1137 407 1190 tostus
418 1136 496 1189 tlmor
507 1136 642 1199 roglluou
654 1135 739 1186 solnm
755 1146 771 1186 n
788 1133 900 1197 peeentls
918 1133 1055 1197 mumius,

218 1222 275 1274 lmo
293 1221 372 1273 etlom
390 1234 406 1273 e
423 1221 572 1275 reuinlllous
593 1220 735 1274 obstinere.
772 1221 835 1274 iinm
858 1232 892 1272 ex
913 1220 1054 1271 eonsuetu-

218 1306 283 1359 olne
309 1306 452 1359 reninllum
478 1307 606 1361 seeurltos
632 1306 727 1359 mentls
759 1309 788 1359 et
812 1305 978 1357 lnmlllurltns
1009 1304 1054 1358 llei

217 1392 356 1455 emittitur,
377 1396 404 1445 et
420 1393 505 1456 grillo
522 1392 690 1447 multiformis
707 1391 857 1457 negligitur.

289 1476 314 1530 2.
333 1478 372 1531 lul
382 1478 482 1542 iustum
493 1480 613 1533 timorem
625 1490 671 1531 nos
683 1478 806 1531 minnere
819 1477 897 1529 debet
913 1477 1055 1540 multiplex

216 1561 277 1625 ejus
294 1563 403 1616 utitttns.
439 1564 485 1617 list
502 1566 571 1618 enlm
590 1564 695 1617 initium
712 1562 871 1628 sapientise,
896 1565 963 1614 teste
983 1563 1054 1615 Psil-

217 1646 310 1701 misto:
329 1647 436 1702 lnlttum
453 1648 599 1713 supientiae
617 1650 695 1701 timor
712 1646 821 1701 llomlui.
843 1648 902 1708 (Pr,
917 1644 980 1710 110,
996 1644 1053 1708 10.)
1105 1635 1106 1661 ¹

215 1733 250 1786 lit
266 1734 370 1787 initium
385 1734 520 1798 iustitiae,
544 1735 622 1799 juxto
641 1735 721 1788 illud:
751 1736 797 1798 Qui
815 1735 873 1787 siue
891 1734 988 1787 timore
1007 1738 1053 1797 est,

218 1832 272 1873 uon
290 1822 386 1884 poterit
399 1820 547 1885 lustillrori.
574 1821 674 1884 (Ecolt.
695 1818 721 1881 1.
740 1818 797 1883 28.)
818 1821 888 1875 'Item
907 1824 949 1874 est
965 1821 1056 1885 signa·
1106 1865 1107 1909 1

214 1906 306 1959 ouium
332 1910 359 1959 ot
384 1907 517 1962 eonolusio
544 1908 662 1959 omnium
694 1908 819 1961 virtutum
846 1910 873 1959 el
899 1908 1054 1971 grotiurum.
1106 1912 1107 1929 ¹

210 1990 290 2054 luite
314 1993 395 2047 illud:
424 1993 511 2047 llmor
536 1992 582 2045 liei
609 1993 801 2057 superomnia
831 2004 860 2046 se
887 1994 1053 2057 superponit.

214 2075 380 2139 (noculo,
401 2075 460 2139 14.)
496 2078 544 2131 llil
570 2090 623 2131 nou
650 2082 690 2132 est
716 2080 793 2133 timor
818 2076 938 2141 llomlnl‚
968 2078 1055 2131 omnis

215 2162 302 2223 crolle
326 2162 412 2216 sunlto
439 2162 616 2229 dispergitur,
645 2168 671 2217 et
697 2163 856 2237 qonsclentie
883 2164 1053 2228 pervertitur,

210 2245 289 2309 luxti
316 2246 396 2300 illud:
425 2249 453 2303 sl
480 2261 532 2303 uon
560 2250 587 2303 lu
606 2250 698 2304 timore
715 2252 816 2307 Domini
835 2251 950 2303 tenueris
969 2256 998 2304 te
1015 2251 1053 2303 in·

213 2335 326 2393 eleuter,
345 2332 397 2385 elto
415 2332 580 2389 subvertetur
597 2336 688 2390 domus
707 2340 760 2390 tua.
781 2336 880 2397 (lectt.
900 2332 945 2400 27,
964 2333 1011 2398 4,)

286 2418 371 2471 illem
389 2419 530 2473 utilitatem
548 2420 648 2475 timoris
666 2422 767 2476 Domini
790 2422 865 2475 alleri
890 2424 917 2475 ll.
941 2422 1052 2474 Bemer·

215 2502 281 2555 tius:
301 2504 331 2556 In
350 2502 461 2556 verilote
480 2506 573 2570 diolci,
592 2508 631 2561 nil
651 2520 732 2572 neque
751 2507 922 2560 erimusne
940 2507 974 2559 ud
994 2519 1052 2571 grn-

214 2588 279 2641 llum
297 2590 506 2656 promerendum,
525 2594 702 2656 retinendum,
721 2593 944 2657 recuperandum,
973 2604 1051 2657 quum

213 2672 239 2725 sl
257 2674 327 2727 omui
350 2677 467 2738 tempore
494 2689 580 2730 eornm
599 2681 651 2731 ileo
670 2679 812 2731 invenlaris
836 2690 889 2730 nou
907 2678 992 2729 ultum
1010 2690 1053 2729 sn·

214 2768 287 2822 pere,
306 2759 352 2811 sed
365 2762 464 2814 timere.
488 2762 584 2815 Beatus
596 2766 684 2825 nomo,
704 2764 747 2828 pul
761 2774 864 2827 semper
876 2767 916 2817 est
928 2763 1050 2826 paululus.

212 2843 310 2903 (Pron.
328 2841 372 2907 28,
392 2842 450 2906 14.)
474 2848 546 2899 'lime
564 2857 636 2912 ergo,
657 2860 715 2901 cum
728 2848 845 2901 errlserit
857 2849 956 2913 mone:
978 2850 1051 2911 tlme‚

212 2936 275 2980 eum
292 2928 400 2982 obierit:
427 2931 501 2994 time,
521 2944 579 2984 enm
598 2934 684 2986 denuo
702 2936 864 2986 revertetur:
892 2936 920 2987 et
941 2934 993 2987 lion
1011 2937 1054 2986 est

212 3024 318 3080 semper
335 3014 459 3079 paullum
477 3026 546 3068 esse.
572 3018 603 3069 Et
614 3019 692 3080 poulo
705 3022 774 3081 post:
795 3020 858 3071 cum
872 3019 956 3082 etesi,
976 3020 1051 3082 time,

212 3110 248 3151 ue
265 3110 319 3153 nou
337 3100 416 3165 ligne
428 3100 542 3163 opereris
554 3112 587 3152 ex
600 3112 639 3153 ee.
664 3104 694 3155 Et
705 3105 784 3166 paulo
797 3108 868 3167 post:
888 3104 969 3169 Time,
991 3116 1051 3157 oum

211 3184 345 3238 sunonem
356 3186 436 3239 luerit
447 3186 540 3250 proeli,
561 3190 683 3252 munuum
696 3200 757 3241 mox
769 3198 885 3243 emulus.
913 3191 946 3244 lit
957 3190 1053 3254 pnuolo
