2384 3759
609 353 661 410 iau

213 511 310 564 eorpus
328 495 422 551 curisti
449 507 502 550 nou
525 495 553 548 iu
571 495 647 547 noltls
664 494 712 546 sed
728 505 777 548 noa
801 495 829 548 iu
847 494 896 548 lllo
914 499 1055 549 eonverta-

215 597 284 650 mur‚
302 584 401 649 tripliel
418 582 593 637 similitudine
611 581 743 645 protatur.

286 672 372 725 Prima
390 670 503 723 sumitur
519 670 553 721 de
571 668 668 721 uirtute
687 667 782 720 amoris
800 667 891 720 nostri.
924 668 997 720 liaeo
1016 671 1056 720 est

215 759 287 812 euim
314 757 355 811 ris
374 757 469 810 amous
486 753 669 808 transformari
696 763 741 806 cor
759 753 872 822 amantis
890 755 918 806 iu
938 757 1055 806 amatum

216 844 235 896 l.
253 856 277 897 e.
297 844 377 896 amati
394 843 515 896 fortunae
537 849 680 904 prosperae
703 842 730 892 et
754 839 881 892 adversae
899 839 1053 892 assimilari.

212 931 300 994 ilua:
319 930 355 982 lia
373 928 413 982 uls
431 927 527 980 amoris
545 929 593 990 est,
614 927 645 978 ut
661 925 741 978 talem
759 929 786 977 te
805 936 862 978 esse
881 935 994 978 neeesse
1012 927 1055 990 sit,

217 1017 296 1081 quale
312 1014 340 1066 id
356 1017 406 1079 est,
433 1013 502 1079 ouod
520 1023 603 1075 amas,
631 1013 658 1064 et
675 1011 718 1065 oui
735 1023 784 1076 per
801 1011 926 1064 ansatum
945 1012 1055 1076 coniun-

214 1103 295 1167 gens,
315 1103 342 1153 ln
359 1101 434 1153 lilius
445 1098 644 1152 similitudinem
658 1099 717 1162 ipsa
729 1099 920 1164 parodammodo
933 1099 1056 1152 dilectio·

212 1191 258 1242 nis
274 1189 401 1241 sooletate
427 1184 629 1238 transformeris.
667 1187 743 1240 caut.
757 1179 783 1250 8,
798 1183 839 1238 6.:
863 1187 934 1238 l’one
952 1199 1007 1250 me,
1028 1189 1057 1238 ut

214 1273 380 1338 signaculum
397 1281 478 1335 super
493 1281 539 1324 eor
555 1275 639 1335 tuum,
659 1276 784 1338 tauquam
802 1283 880 1336 super
892 1283 983 1325 eoram
1002 1273 1057 1325 oal-

215 1359 297 1412 lidam
323 1369 416 1422 puram
446 1362 473 1411 et
498 1358 607 1411 mollem
633 1361 721 1422 aptam
743 1357 880 1424 suscipere
898 1359 1055 1423 impressam

214 1447 366 1509 imaginem.
398 1446 483 1509 super
499 1457 545 1498 oor
562 1457 624 1509 ergo
637 1447 762 1499 oallldum
781 1457 868 1499 amore
880 1446 939 1508 liei,
959 1455 1055 1511 purum

213 1532 344 1586 munditia
361 1532 412 1595 sui,
443 1532 526 1585 molle
542 1529 641 1595 pietate
659 1534 773 1596 proximi
796 1543 888 1596 corpus
907 1532 1008 1584 curisti
1027 1536 1056 1584 ut

214 1619 332 1684 sigillum
350 1619 463 1684 ponitur,
490 1629 543 1671 uon
560 1623 591 1671 ut
607 1619 702 1682 ipsum,
732 1618 800 1683 quod
818 1617 986 1670 immutabile
1005 1623 1054 1680 est,

214 1707 242 1760 in
259 1719 308 1759 nos
325 1707 450 1769 mutetur,
477 1705 523 1758 sed
549 1717 598 1757 uos
625 1705 653 1756 iu
680 1703 820 1768 imaginem
849 1703 979 1756 bonitatis
998 1703 1054 1766 eius

212 1797 429 1848 transmutemur.

284 1880 405 1934 secunda
417 1869 562 1932 similitudo
580 1875 614 1928 ad
632 1875 703 1928 idem
721 1875 833 1928 sumitur
851 1873 883 1927 de
896 1873 997 1928 uirtute
1016 1875 1055 1927 rei

213 1966 330 2030 maioris.
369 1966 434 2019 llam
460 1965 483 2016 si
512 1965 586 2027 mtto
618 1971 701 2026 aquae
729 1961 757 2012 in
779 1971 902 2024 magnum
932 1971 982 2014 vas
1000 1959 1055 2014 viui

212 2053 349 2116 tundatur,
368 2052 466 2103 uirtute
477 2047 655 2101 multitudiuis
672 2047 728 2099 vlni
747 2058 815 2111 apua
833 2059 866 2099 ex
884 2049 941 2099 toto
958 2047 989 2099 iu
1008 2048 1055 2099 illo

213 2141 345 2200 mutatur,
375 2135 421 2188 sed
448 2134 531 2188 virtus
557 2133 683 2184 dominici
709 2134 825 2196 eorporis
852 2133 997 2186 ineffabilis
1016 2137 1057 2187 est

213 2223 402 2289 magnitudinis
428 2225 456 2274 et
482 2233 530 2273 nos
559 2219 672 2272 multum
703 2220 792 2284 exigui
822 2225 945 2284 respectu
972 2221 1054 2274 illius.

214 2310 365 2365 substantia
391 2319 450 2361 mea
477 2313 601 2372 tanquam
620 2306 731 2358 ninllum
750 2311 812 2358 unte
828 2310 864 2358 te.
877 2307 936 2367 (Po.
952 2303 999 2371 38,
1014 2303 1054 2368 6.)

213 2396 366 2460 Magnitudo
393 2396 482 2461 itaque
509 2393 614 2448 virtutis
642 2396 669 2445 et
686 2392 833 2446 dulcedinis
851 2393 947 2446 curisti
965 2393 1054 2447 intusa

213 2483 310 2546 exiguo
328 2488 356 2535 et
372 2482 466 2534 humili
484 2483 563 2535 corde
580 2485 669 2533 nostro
687 2481 770 2533 vineit
787 2477 854 2532 illud
880 2483 907 2532 et
925 2493 941 2532 a
959 2493 991 2533 se
1010 2471 1053 2532 de'·

211 2568 291 2621 tinere
309 2568 409 2621 iaciens
428 2567 455 2620 in
474 2568 549 2621 illam
567 2567 706 2629 convertit,
726 2571 756 2620 ut
770 2566 824 2631 iarn
843 2577 895 2619 nan
912 2567 1052 2619 mundanis

208 2653 363 2709 numinibus
392 2665 446 2706 uon
475 2653 550 2707 uobis
577 2655 642 2718 ipsis
668 2655 715 2708 sed
734 2655 833 2707 christo
861 2655 888 2706 in
915 2655 1051 2707 voluntate

207 2751 333 2794 sermone
352 2745 380 2793 et
396 2743 465 2794 nona
483 2742 684 2794 couversatione
703 2741 801 2793 similes
819 2741 908 2794 simus.

283 2828 369 2881 Tertia
386 2828 529 2883 similitudo
548 2828 582 2878 ad
594 2830 670 2884 idem
689 2829 800 2882 sumitur
816 2828 850 2879 de
867 2817 968 2881 virtute
986 2827 1051 2880 rami

207 2913 324 2967 'arboris
362 2917 432 2967 liaeo
462 2921 503 2968 est
528 2918 598 2968 enim
626 2919 771 2981 proprietas
790 2915 888 2968 surculi
906 2914 994 2968 bonae
1011 2925 1049 2966 ar-

213 2999 294 3060 noris,
313 3001 337 3051 si
355 3003 445 3052 trunco
459 3001 589 3054 inseratur
606 3004 685 3054 etiam
704 3001 827 3063 silvestri,
848 3001 916 3065 quod
935 3000 1050 3054 naturali

213 3085 311 3136 virtute
329 3088 484 3149 praeualens
509 3086 581 3138 lilius
601 3088 803 3140 amaritudinem
823 3088 849 3138 in
865 3097 943 3138 suam
962 3085 1049 3139 dulce·

214 3169 302 3222 dinem
330 3176 357 3222 et
374 3170 536 3224 nobilitatem
555 3175 684 3226 convertit
706 3179 733 3226 et
751 3175 863 3227 similem
882 3171 933 3225 silai
952 3171 1048 3225 bonum
