2384 3759
615 328 650 383 80

215 482 284 537 quoe
303 482 356 522 non
374 469 511 523 auferetur
527 469 560 521 ab
579 482 619 522 eu.
651 469 704 521 iloc
722 471 763 520 est
780 478 860 521 unum
878 468 998 533 bonum,
1029 470 1059 521 in

216 568 268 621 quo
286 559 349 607 sunt
365 555 453 607 omnia
470 556 549 616 bona,
570 558 676 606 aelerna
696 555 723 605 et
741 554 876 606 immenso.

285 638 311 693 3.
332 640 369 693 id
399 638 574 703 simplicitatis
604 650 718 691 amorem
750 639 873 692 inducere
901 650 951 693 uos
976 640 1059 693 debet

215 725 316 780 utilitas
335 739 368 779 ex
386 737 418 778 ec
435 725 599 789 proveniens.
631 724 760 787 Scriptum
779 728 819 778 εει
836 725 924 779 enlm:
944 727 977 779 bt
995 739 1058 780 cum

214 811 379 874 simplicibus
404 811 588 862 sermocinatio
607 808 678 873 elos,
708 811 805 865 idest:
833 811 935 864 bomini
955 812 1056 877 (Proo.

214 894 243 961 3,
260 895 320 954 32.)
337 896 483 950 Familiaris
501 897 541 947 est
558 894 627 947 enim
646 897 771 949 bomlnos
788 897 971 963 simplicibus,
998 900 1058 963 oui·

215 985 265 1037 bus
282 996 335 1035 non
352 982 509 1046 dedignetur
526 992 623 1034 arcuna
642 993 690 1033 sua
712 982 841 1034 revelare.
873 981 947 1035 Unde
966 983 1057 1035 bomi-

215 1082 265 1122 nus
282 1069 419 1133 opusculis,
437 1065 637 1131 prohibentibus
655 1066 745 1119 venire
762 1078 858 1130 pueros
876 1068 909 1120 cd
926 1080 1058 1131 praeseu-

215 1156 279 1206 tlom
298 1154 372 1217 eius,
402 1151 549 1216 respondit:
580 1151 665 1205 Sinite
682 1154 823 1217 parvulos,
856 1158 882 1207 et
904 1155 990 1209 nolite
1009 1168 1058 1208 eos

214 1240 355 1303 probibere
373 1238 466 1291 adme
484 1239 589 1303 venire3
608 1240 702 1293 tellum
715 1245 756 1293 est
773 1240 844 1293 euim
862 1252 971 1305 regnum
991 1253 1055 1293 coo-

216 1326 309 1377 iomm.
341 1323 457 1388 (liutto.
477 1320 520 1385 19,
540 1319 594 1388 14.)
624 1323 693 1377 Ηεεε
720 1328 760 1377 est
785 1324 885 1387 virtus,
917 1324 975 1377 sine
1002 1336 1055 1388 oua

215 1421 267 1461 non
295 1413 335 1462 ost
362 1410 442 1462 scius.
473 1409 542 1463 llicit
567 1410 637 1463 enim
655 1410 781 1465 Dominus
798 1412 887 1466 iesus:
921 1410 976 1464 illsl
996 1411 1056 1463 eib-

215 1495 340 1557 cirmini,
368 1495 437 1547 sicut
454 1495 577 1559 porculi,
595 1507 648 1550 non
667 1495 799 1549 intrabitis
816 1496 844 1549 in
862 1507 972 1560 regnum
991 1507 1057 1548 coe·

215 1582 309 1633 lorum.
330 1580 445 1645 (uasti.
465 1578 508 1644 18,
528 1569 567 1645 3.)
585 1583 643 1635 Nou
662 1581 738 1635 dicit:
767 1580 918 1635 cruciamini
935 1582 1054 1646 parvuli,

214 1666 261 1717 sed
279 1666 349 1719 sicut
365 1666 478 1731 parvoli,
497 1666 524 1719 id
543 1669 596 1719 est:
618 1666 753 1731 simplices
771 1669 798 1719 et
814 1667 979 1720 innocentes.

285 1752 343 1804 ilic
361 1753 403 1803 est
419 1750 724 1816 utititassimplicitctis,
744 1752 777 1805 de
795 1764 845 1817 quc
863 1751 974 1805 dicitur:
1006 1752 1055 1815 bui

214 1837 336 1890 ambulat
370 1836 543 1901 simpliciter.
581 1838 701 1892 umbolct
736 1837 903 1891 confidenter.
950 1834 1051 1901 (Proo.

216 1921 258 1988 to,
277 1922 320 1982 9.)
349 1924 414 1977 liam
433 1923 466 1977 ad
484 1934 594 1989 regnum
613 1924 746 1978 coelorum
764 1925 808 1977 ria
825 1924 993 1978 securissimo
1012 1927 1056 1977 est

214 2010 259 2063 via
274 2009 458 2074 simplicitatis.
484 2008 549 2061 llam
561 2008 687 2071 scriptum
706 2008 732 2060 ln
751 2008 909 2071 proverbiis:
929 2008 1056 2073 Proteget

213 2095 365 2160 gradientes
382 2094 546 2159 simpliciter.
568 2092 665 2157 (Pron.
685 2090 712 2156 2,
732 2090 773 2153 7,)

283 2178 310 2231 4.
341 2183 526 2245 Argumentum
556 2190 637 2233 verae
672 2178 849 2254 simplicitatis
877 2178 975 2241 babet,
1008 2180 1053 2245 qul

213 2266 314 2318 nullius
339 2265 408 2319 iacta
435 2265 578 2328 pervertit,
606 2264 652 2317 sed
672 2264 767 2317 bonum
786 2265 819 2319 de
837 2262 957 2317 omnibus
973 2276 1054 2327 prae·

212 2351 308 2405 sumit:
337 2351 381 2415 oui
408 2350 508 2403 nulllus
537 2350 636 2403 bonum
653 2350 805 2415 deprevat3
835 2350 933 2404 nulllus
952 2350 1053 2403 bonum

213 2436 350 2496 diminuit,
383 2436 499 2489 omnium
527 2438 641 2490 salutem
671 2436 821 2500 desiderat,
852 2436 921 2489 nulii
950 2436 1052 2489 maium

213 2527 301 2586 optat:
329 2525 358 2573 et
384 2521 428 2587 qni
455 2521 524 2575 bona
541 2522 606 2575 lacit
623 2524 649 2575 et
666 2520 749 2574 bene:
777 2521 865 2588 etqui
883 2520 952 2574 bonu
969 2520 1054 2575 sentit

213 2608 247 2659 de
264 2607 391 2670 nomino,
423 2610 452 2660 et
480 2608 508 2659 in
535 2607 706 2671 simplicitate
732 2606 817 2661 cordis
835 2607 938 2673 quaerit
955 2607 1053 2661 ilium:

213 2693 258 2758 oui
271 2692 402 2745 voluntati
420 2690 476 2754 eius
493 2703 523 2744 se
540 2691 654 2755 subiicit,
675 2696 702 2746 ει
718 2692 841 2745 mandata
854 2692 910 2756 eius
923 2692 1052 2747 custodit.

282 2775 309 2829 5.
329 2780 515 2843 Argumentum
532 2776 694 2843 duplicitatis
712 2778 799 2843 babet,
820 2776 864 2844 qui
882 2790 963 2831 ouum
982 2778 1055 2843 gent

212 2865 240 2917 iu
252 2875 307 2926 ore,
327 2866 355 2915 et
366 2863 439 2916 cllud
456 2862 485 2914 in
496 2862 583 2924 eorde,
603 2866 630 2916 et
647 2864 719 2917 uliud
738 2864 765 2916 in
784 2874 875 2931 opere3
896 2864 1051 2927 altoiloob‚

212 2950 562 3009 teneusmentumlmasce,
582 2948 661 3001 dirit:
680 2951 767 3014 suive,
787 2950 877 3013 irater,
898 2953 924 3003 ει
942 2950 1053 3003 interim

212 3038 315 3090 occulte
333 3036 447 3089 edocens
465 3033 580 3097 gladium
597 3035 693 3088 occidit
710 3047 778 3088 eum.
811 3037 905 3089 contu
923 3036 973 3089 boc
985 3035 1055 3088 dicit

212 3122 337 3176 bominus
354 3123 447 3175 iesus:
467 3119 508 3173 stt
524 3130 610 3171 senno
628 3122 729 3173 vester:
750 3122 802 3185 list,
823 3124 876 3174 est:
897 3121 963 3185 lion,
983 3132 1052 3174 non.
