2384 3759
620 429 672 488 198

227 581 257 633 nt
274 589 304 630 so
319 581 404 630 totum
423 576 456 630 ad
474 576 557 640 iosanr
575 572 744 628 reficiendum
763 573 995 628 el'vividoandam
1015 577 1069 629 iru-

227 669 284 719 otus
302 664 412 718 inludat.
444 664 539 726 Quarto
557 660 672 713 infusam
691 659 747 724 elus
765 659 931 714 dulcedinem
948 663 1071 716 suaviter

229 755 325 818 gustat.

299 839 378 892 liota:
398 834 450 889 Sed
468 833 539 887 dicet
555 832 667 897 aliquis:
687 833 761 896 lione,
780 833 887 897 saepius
906 837 935 886 ut
948 845 1066 899 possum,

229 937 272 978 rne
297 933 438 990 prienam
465 931 560 984 eorpus
585 917 689 972 Domini
716 931 799 985 sumo,
828 921 875 972 sed
894 920 962 974 nillil
981 921 1069 974 sentio

229 1011 318 1064 solatii
343 1007 489 1072 soluturus
515 1005 671 1059 dulcedinis.
709 1007 878 1072 respondeo:
907 1008 988 1061 cibos
1017 1005 1068 1061 isle

229 1098 287 1150 eive
313 1096 414 1148 fruetus
431 1093 562 1145 medicine
579 1096 619 1144 esi
636 1093 757 1146 hominis.
796 1093 869 1146 Unde
896 1093 965 1147 sieut
983 1094 1068 1146 medi-

230 1192 277 1236 cus
285 1180 385 1245 neritus
397 1179 552 1243 quandoque
561 1177 718 1243 quidusdam
731 1180 776 1232 dal
789 1179 946 1232 medicinam
959 1181 1064 1234 dulcem

230 1269 319 1331 puato
336 1265 452 1327 eorporis
471 1268 499 1316 et
516 1262 672 1329 quandoque
691 1277 743 1318 non
761 1266 813 1328 sio,
832 1267 878 1319 sed
897 1265 1003 1320 dnloem
1021 1279 1068 1331 na·

230 1352 287 1404 lato
304 1350 412 1413 mentis,
444 1361 511 1414 quae
537 1351 658 1414 quamvis
684 1353 863 1416 non‘gutturi,
892 1354 982 1404 tamen
1000 1353 1067 1406 bene

230 1437 300 1501 rapit
316 1435 422 1500 rationi,
450 1449 498 1500 pro
515 1449 557 1500 eo,
587 1437 656 1501 quod
684 1447 775 1489 sonum
802 1440 916 1490 mentem
935 1439 1066 1492 delectat:

231 1523 271 1577 oio
287 1522 413 1578 ltominns
439 1523 486 1575 dot
510 1523 566 1575 suls
592 1521 716 1576 odelinus
743 1523 820 1576 doleo
838 1535 943 1588 semper
960 1537 1066 1590 cornus,

231 1609 278 1664 oed
305 1609 470 1662 dnlcedinem
488 1621 562 1661 snam
581 1608 634 1661 alio
652 1610 729 1663 modo
756 1610 809 1662 illis
827 1611 880 1664 olio
898 1610 971 1674 istis,
991 1615 1067 1675 prout

232 1698 342 1757 ouililtet
357 1695 482 1760 expedire
501 1697 582 1748 novit.
614 1697 680 1749 ilino
699 1699 747 1760 est,
767 1695 960 1762 quodquidam
979 1697 1067 1751 dulce-

232 1785 320 1838 dinem
347 1783 424 1836 istam
449 1781 554 1847 sepiunt
579 1793 628 1845 ner
657 1781 779 1836 anellum
807 1787 834 1834 et
859 1783 1005 1836 ardentiori
1024 1783 1068 1836 de·

232 1871 364 1923 luctantur
375 1869 524 1941 devotione,
545 1873 572 1922 et
589 1869 636 1921 alii
652 1867 764 1923 eundem
777 1869 944 1922 dulcedinem
962 1871 1069 1933 sapiunt

232 1956 369 2020 tiernium
388 1956 551 2008 intellectum
580 1961 607 2008 el
624 1955 765 2009 suidoienti
783 1954 936 2008 reficiuntur
954 1955 1068 2008 utilitato

210 2031 261 2096 ‘in
287 2055 328 2105 eo,
358 2043 426 2107 quod
453 2043 564 2096 eredunt
591 2046 619 2095 el
645 2043 806 2106 intelligunt,
829 2053 877 2106 ner
893 2044 964 2094 huno
983 2041 1067 2094 nillum

232 2133 352 2182 sanetum
379 2139 469 2182 reram
497 2129 580 2180 tilam
608 2127 735 2181 obtinere.
773 2129 856 2193 igilur
878 2128 1000 2193 quamvis
1017 2141 1066 2180 non

232 2215 304 2280 arpis
316 2211 482 2266 dulcedinem
495 2213 597 2266 ltomini
616 2214 699 2278 primo
711 2214 789 2268 modo
807 2216 824 2267 i.
840 2227 863 2267 e.
884 2225 932 2278 ner
945 2215 1066 2268 adonium

235 2301 328 2354 tirmae
346 2299 507 2363 deuotionis,
534 2300 606 2363 sanis
630 2304 719 2352 tamen
737 2301 851 2353 seeundo
869 2299 948 2353 modo
966 2313 1005 2355 so.
1024 2311 1069 2366 ner

232 2388 397 2440 intellectum
409 2388 508 2440 multae
525 2387 658 2439 utilitatis.
688 2389 724 2439 lie
737 2389 785 2440 lroo
803 2387 918 2440 seeundo
932 2392 974 2440 est
987 2388 1065 2441 illud:

233 2475 335 2527 tructus
353 2472 409 2536 elus
427 2473 511 2526 duleis
528 2472 628 2537 mouri
654 2481 722 2524 meo.
738 2473 836 2532 (dont.
852 2469 877 2538 2,
888 2471 931 2536 3,)
970 2475 1066 2528 illone:

234 2557 320 2610 duleis
337 2558 437 2611 noetus
455 2561 555 2633 gutturi
573 2557 668 2622 cordis,
689 2559 752 2624 quia
770 2559 798 2611 in
815 2571 847 2611 eo
866 2553 993 2624 intelligit
1010 2571 1068 2613 oau-

234 2657 290 2698 sam
309 2643 390 2708 uitae,
410 2644 472 2698 dum
491 2646 572 2698 etiam
588 2647 760 2710 corporaliter
778 2645 898 2710 percipit.

303 2730 469 2784 Postmodum
496 2732 530 2783 de
555 2737 649 2797 quarto
668 2733 754 2786 fructu
779 2729 974 2797 rs.103,15.:
995 2733 1067 2786 Panis

234 2831 279 2872 eor
296 2818 410 2871 hominis
435 2817 577 2881 eoodrmet
607 2819 668 2884 quia
685 2831 722 2871 so.
751 2829 846 2882 eorpus
864 2817 962 2871 curisti
980 2818 1068 2872 ddeles

234 2917 297 2957 auos
324 2904 438 2956 inbono
465 2904 519 2955 uita
547 2905 686 2958 confirmat
712 2908 739 2957 et
764 2904 901 2957 confortal.
922 2929 958 2940 -
976 2907 1013 2957 lle
1031 2905 1069 2956 llis

234 2993 348 3057 quatuor
373 2988 499 3040 duodone
525 2989 604 3040 simul
630 3001 679 3054 per
695 2989 805 3056 liguram
824 2991 933 3044 dicitur:
954 2991 1069 3044 Elisaens

236 3073 356 3126 inonouit
380 3085 460 3136 snper
477 3084 602 3137 onerum,
634 3078 772 3143 posuitque
799 3091 827 3132 os
847 3089 926 3144 'suum
946 3087 1070 3143 superos

235 3159 292 3222 elna
310 3163 338 3210 et
355 3159 445 3211 oeulos
457 3171 538 3223 snper
550 3161 639 3212 oculos
653 3164 708 3227 ejus
726 3167 754 3216 el
768 3177 863 3218 manus
881 3177 964 3230 super
981 3175 1070 3218 manus

237 3243 294 3306 eins
315 3246 341 3296 et
358 3245 486 3300 calefacta
505 3252 545 3301 est
562 3259 623 3301 earo
641 3251 725 3312 pueri.
749 3251 805 3314 (Ν.
822 3253 886 3319 lieo.
899 3250 997 3318 out.)
1026 3253 1072 3304 l’er
