2384 3759
511 411 564 466 145

117 553 253 616 naturali,
283 564 350 617 quae
377 555 418 605 est
443 552 525 605 nimia
553 552 737 607 dissimilitudo
763 553 832 608 inter
850 555 956 609 luminis

114 640 199 694 nostrl
227 638 379 692 claritatem
405 641 431 689 et
458 637 564 690 luminis
582 639 698 702 eorporis
721 639 824 692 Christi.
861 642 955 696 oculus

115 728 187 780 enim
220 729 312 777 noster
337 728 463 788 angustus
492 727 519 776 et
546 736 626 788 aeger
652 727 678 777 et
699 725 875 789 eormotlbllts
905 733 953 781 est.

115 813 190 866 illius
207 822 273 865 uero
292 811 405 876 claritas
421 809 627 875 incorruptibilis
650 813 681 863 et·
699 812 888 876 quodammodo
907 813 955 864 im·

114 911 217 961 mensa,
238 899 268 950 ut
287 897 385 951 dietum
398 901 439 950 est
450 898 484 950 de
496 896 623 950 indormis.
654 897 723 948 liaeo
742 901 781 949 est
800 897 870 949 enlm
887 899 955 950 ratio

114 982 280 1037 visibilitatis
308 983 393 1035 omnis
420 983 540 1036 luminis:
569 980 714 1034 similitudo
736 982 825 1046 aliqua
843 983 956 1035 videntis

114 1069 148 1122 ad
165 1069 272 1128 lumen:
303 1072 331 1120 et
357 1073 454 1132 quanto
471 1066 556 1131 mator
572 1065 717 1118 similitudo
742 1067 775 1118 ad
793 1067 882 1120 lumen
900 1079 955 1121 ma-

113 1156 227 1217 ximum,
246 1157 322 1206 tanto
339 1153 472 1217 limpidior
490 1156 517 1206 et
535 1151 638 1202 duleior
656 1155 697 1204 est
708 1152 783 1205 visio.
821 1153 886 1206 ilino
905 1157 954 1217 est,

114 1240 185 1305 quod
204 1251 286 1291 sanus
304 1239 396 1292 ooulus
408 1241 494 1302 potest
507 1237 672 1301 aliquatenus
685 1237 774 1292 uidere
787 1239 885 1292 nudum
899 1253 955 1294 eor·
1033 1264 1035 1270 1

113 1337 165 1390 ous
193 1326 260 1378 solis
288 1326 315 1376 et
340 1335 393 1376 non
413 1336 506 1388 eorpus
524 1321 632 1386 cbristl,
653 1324 713 1388 qula
731 1335 794 1378 oum*
810 1327 857 1380 lllo
877 1327 956 1381 babet

113 1411 261 1476 aliqualem
287 1410 488 1462 similitudinem
520 1409 627 1461 luminis
658 1413 685 1461 et
719 1413 953 1478 corruptibilitatis,

113 1509 193 1563 quam
213 1507 267 1547 nou
285 1494 367 1548 babet
384 1507 477 1559 eorpus
496 1495 600 1548 cbristi.
639 1495 693 1548 Nisi
721 1497 789 1550 euim
813 1501 902 1552 oculus
922 1511 955 1552 ex

113 1583 207 1646 aliqua
226 1585 302 1643 oarte
319 1579 427 1633 coelesti
445 1580 538 1634 lumini
557 1582 652 1634 similis
672 1585 760 1647 esset,
789 1597 954 1650 nequaquam

112 1668 181 1720 illud
194 1667 289 1719 videre
301 1670 403 1730 possm
422 1667 491 1720 siout
502 1679 552 1719 nee
564 1669 635 1720 auris
650 1681 699 1720 nea
712 1669 808 1732 digitus
819 1675 864 1722 aut
877 1671 954 1722 etiam

113 1755 209 1808 oeulos
242 1764 352 1815 caecus,
381 1765 418 1806 se.
448 1756 556 1816 propter
576 1754 685 1806 nimiam
705 1753 953 1808 dissimilitudinem.

113 1843 178 1904 buia
198 1849 267 1902 ergo
282 1838 317 1890 ob
331 1842 446 1892 nostram
463 1840 672 1892 imbecillitatem
694 1844 719 1893 et
731 1840 846 1904 eorporis
860 1841 953 1894 curisti

111 1926 224 1978 nimiam
245 1924 391 1976 alodialem
410 1925 604 1988 magnificatam
624 1931 750 1991 eiusque
770 1927 802 1978 ad
821 1927 954 1991 incorrup-

112 2016 214 2066 tionem
234 2009 383 2063 roboratam
406 2023 459 2063 non
481 2023 620 2076 possumus
639 2013 730 2066 videre
747 2013 861 2066 dulciter
878 2015 954 2066 oculo

112 2100 145 2152 ad
164 2099 277 2152 oculum
295 2096 419 2148 dominici
445 2098 560 2160 eorporis
578 2099 735 2161 claritatem,
765 2101 858 2152 saltem
878 2100 954 2152 oculo

111 2184 225 2238 mentali
254 2184 272 2234 i.
291 2193 314 2233 e.
346 2195 412 2246 pura
441 2184 526 2236 cordis
544 2187 690 2238 intentione
716 2185 803 2250 *ipsum
829 2185 954 2238 debemus

112 2273 253 2337 respicere
263 2269 407 2322 seeundum
420 2270 500 2322 illud:
520 2272 543 2323 si
562 2272 653 2324 oculus
670 2277 730 2324 tuus
744 2272 856 2334 simrpler
874 2271 955 2325 loelli

112 2360 130 2410 l.
152 2369 178 2410 e.
200 2355 316 2407 intentio
333 2355 419 2408 eordls
436 2367 512 2420 oure,
532 2360 616 2410 totum
635 2369 728 2420 eorpus
746 2361 819 2409 tuum
837 2357 953 2410 lucidum

112 2445 165 2496 erit
196 2440 232 2494 ad
258 2439 399 2494 videndam
424 2441 570 2494 elarltatem
597 2439 850 2504 christiadum.
871 2437 954 2505 ab.)

112 2530 166 2584 sed
196 2529 250 2580 boa
268 2525 353 2588 nobis,
383 2526 512 2591 oanima‚
532 2528 652 2580 servatur
680 2526 708 2577 ln
732 2528 864 2588 oostemm
894 2537 953 2578 oum

113 2613 267 2669 ridebimus
293 2623 353 2664 eum
371 2623 389 2662 a
406 2613 475 2665 laoie
493 2612 526 2664 ad
544 2613 655 2666 iaaiem:
685 2615 712 2664 et
734 2613 800 2664 baro
818 2611 884 2665 visio
903 2611 954 2664 erit

113 2703 171 2754 rita
190 2704 311 2752 aeterna.
742 2715 744 2718 ·

167 3321 261 3365 Albani
275 3319 307 3359 td.
321 3316 470 3359 enchiridion.
