2384 3759
612 363 664 420 212

221 510 296 564 dude
310 509 399 572 iussus
416 510 534 560 osteum
552 507 625 558 omni
643 505 768 570 progenie
786 503 855 556 mitti
874 503 901 556 in
921 505 1061 568 gehennoe

221 608 363 659 carcerem,
383 595 466 647 donee
483 593 606 646 redderet
629 603 706 644 omne
725 591 841 644 debitum
859 599 908 654 per
924 589 1061 643 suroeien·

218 686 276 737 tem
293 681 414 735 hostiam.
442 681 543 734 iustum
562 681 603 731 est
620 679 690 730 enim
707 676 849 730 seeundum
861 677 966 740 peceati
979 689 1061 742 onon·

220 769 325 822 tttdtem
342 770 369 819 et
386 766 476 818 iuesoe
493 763 638 827 mejestatis
656 763 809 828 dignitatem
826 761 884 815 fieri
901 763 1061 816 satisfactio·

221 867 283 909 mem
301 858 329 908 et
346 855 395 906 tuoe
412 854 500 916 potest
526 849 610 902 tnuus
628 847 750 914 gradibus
768 849 903 913 distingui.
942 849 993 902 Pro
1011 848 1060 901 mi-

221 953 286 996 nore
304 939 375 992 euim
393 939 471 1001 culpe
482 937 578 1000 minor,
597 947 646 999 nro
663 935 755 1000 meteri
767 937 857 1001 major,
876 947 923 1001 nro
941 935 1061 988 maximo

221 1025 367 1080 sutisieetio
393 1025 508 1076 marimo
535 1026 577 1075 est
602 1023 731 1075 iaciendo.
769 1023 834 1076 ilinc
855 1024 984 1075 stitutum
1003 1026 1061 1074 erut

221 1113 251 1166 iu
276 1113 335 1176 lege
367 1123 414 1175 oro
442 1109 649 1172 transgressione
681 1109 842 1162 diversorum
874 1108 1060 1161 mandatorum

220 1209 302 1262 pecus
314 1196 420 1261 aliquod
432 1195 521 1248 offerri
539 1195 583 1247 vei
596 1193 681 1247 occidi
692 1198 720 1247 et
731 1195 886 1259 sangninem
899 1195 955 1258 ejus
967 1195 1058 1259 rundi;

221 1283 269 1335 sed
286 1294 333 1346 pro
350 1282 444 1346 mojori
462 1285 569 1344 neoeuto
600 1283 643 1334 vei
662 1282 800 1336 homicidio
819 1282 941 1347 simonidei,
969 1282 1059 1346 ipsum

170 1375 174 1385 ·
218 1367 379 1421 homicidum
404 1366 488 1420 occidi
513 1371 541 1420 et
566 1369 720 1432 sanguinem
749 1368 806 1432 eius
832 1369 916 1422 tundi.
952 1369 992 1422 Ex
1010 1369 1059 1420 noe

220 1454 346 1520 senui-tur,
375 1455 444 1520 quod
462 1465 509 1518 nro
536 1457 576 1506 tot
603 1453 748 1508 homicidiis
771 1455 994 1518 omniparentis,
1015 1453 1059 1518 qui

220 1551 312 1592 omnes
331 1539 450 1592 homiues
469 1540 578 1604 oceidit,
611 1540 671 1606 quiu
690 1551 738 1604 per
755 1553 814 1593 eum
833 1551 924 1592 ornnes
943 1541 1059 1593 moriun-

219 1629 272 1692 tur,
303 1629 331 1680 et
348 1638 395 1690 uro
413 1627 486 1680 lueso
512 1637 561 1689 uer
578 1627 627 1678 tuoe
650 1626 759 1678 maximi
777 1625 902 1680 creatoris
920 1626 1059 1690 maiestate

220 1717 278 1766 tom
295 1712 410 1777 pretioso
428 1713 514 1765 hostia
533 1711 613 1764 debet
630 1711 717 1764 uideni
730 1711 782 1764 lieo
801 1713 828 1763 et
848 1711 934 1764 oecidi
952 1715 983 1766 et
1000 1725 1060 1765 sau-

219 1799 279 1865 guis
298 1798 355 1862 ejus
373 1799 459 1864 tundi,
480 1797 523 1864 qui
542 1799 575 1851 nd
587 1797 675 1850 miuus
692 1801 794 1850 tuntum
813 1798 909 1862 ualent,
931 1802 1059 1863 quantum

219 1898 311 1940 omues
339 1885 473 1948 homines,
502 1885 547 1949 qui
574 1887 637 1937 suut
661 1883 752 1936 occisi.
791 1884 842 1936 Sed
870 1883 932 1949 nnis
950 1885 1014 1936 tuiis
1032 1886 1059 1936 iu

219 1973 291 2025 omni
320 1976 442 2024 ereetum
468 1981 521 2022 uon
549 1973 654 2033 poteret
671 1969 799 2035 inveniri,
828 1981 937 2023 neeesse
955 1971 1007 2023 tuit
1025 1970 1058 2022 ud

218 2056 375 2111 soluendum
403 2059 505 2110 tuntum
532 2054 651 2108 debitum
679 2062 705 2109 et
731 2057 763 2110 ed
782 2057 946 2110 liberoudnm
966 2057 1000 2109 de
1018 2058 1056 2109 iu·

218 2144 287 2198 terni
318 2155 423 2196 coroere
450 2154 533 2206 genus
558 2143 716 2206 humanum,
746 2141 830 2196 fitium
847 2144 893 2196 Dei
923 2143 1057 2196 hominem

218 2229 286 2293 iteri,
306 2229 377 2280 omni
396 2234 515 2282 creature
533 2228 670 2282 meliorem
689 2233 715 2282 et
733 2229 818 2293 ipsum
836 2241 883 2294 nro
901 2229 991 2282 debito
1009 2231 1056 2281 iro·

217 2315 298 2369 minis
315 2314 400 2368 occidi
418 2319 445 2368 et
462 2315 616 2379 sangninem
629 2315 686 2379 eius
703 2316 786 2369 iuudi.
818 2317 855 2368 nd
867 2315 945 2369 Hebr.
957 2311 985 2380 9,
996 2311 1054 2366 21.:

218 2403 311 2456 omnis
328 2415 396 2465 neue
424 2403 451 2454 in
477 2403 608 2466 sunguine
630 2402 790 2454 mundentur
807 2402 949 2454 seeundum
968 2402 1055 2464 legem

218 2489 246 2541 et
263 2487 320 2538 sine
338 2487 473 2552 sanguinis
492 2489 619 2542 effusione
631 2501 684 2542 non
702 2489 731 2543 dt
743 2489 869 2542 remissio.
900 2488 964 2542 tien.
976 2487 1001 2552 9,
1014 2484 1053 2539 6.:

218 2573 370 2638 Quicunque
388 2574 504 2627 tunderit
521 2576 676 2640 sanguinem
695 2576 823 2641 dominis,
851 2576 977 2629 tondetur
993 2587 1054 2627 sun·

218 2659 277 2726 guis
295 2660 385 2726 iliius,
405 2661 438 2713 ed
458 2661 600 2724 imaginem
619 2665 714 2729 qnippe
732 2665 778 2718 Dei
805 2665 888 2717 iaetus
904 2666 947 2716 est
965 2665 1052 2715 homo.

216 2747 312 2800 uem:
331 2747 412 2800 Filius
430 2745 476 2798 liei
490 2747 599 2811 iubetur
616 2751 708 2813 occidi,
737 2752 765 2802 ut
787 2748 939 2803 vulneribus
956 2748 1053 2800 nostris

217 2833 326 2896 pretiosi
352 2832 489 2896 sanguinis
515 2833 557 2885 sui
584 2835 701 2888 balsamo
731 2836 889 2888 mederetur.
933 2838 1053 2898 Agnosce

217 2917 315 2981 enimn,
333 2929 411 2981 quom
429 2918 521 2980 mavia
539 2923 599 2970 sunt
626 2920 673 2972 ilio
690 2921 809 2985 vulnera,
829 2933 875 2985 pro
894 2921 987 2984 quidus
1006 2933 1051 2972 ue·

217 3014 292 3055 cesse
310 3006 359 3067 est
390 3003 526 3055 Dominum
553 3005 641 3058 desum
669 3007 799 3059 Christum
826 3007 971 3060 uulnerari:
999 3005 1051 3058 nisi

216 3086 288 3139 euim
315 3092 403 3140 esseut
428 3087 461 3139 ed
487 3092 597 3140 mortem
620 3095 766 3156 oeternum,
795 3103 927 3156 nunquam
946 3092 1051 3156 pro'eis

216 3170 287 3224 fliius
303 3173 350 3224 dei
366 3173 518 3225 moreretur.
