2384 3759
544 393 579 451 ti

137 533 288 600 dispositae
306 533 443 600 quiequam
461 533 555 600 agitur,
573 533 663 588 statim
679 549 732 601 pax
749 539 861 602 peonrn
878 543 983 603 pertu—

140 621 229 675 batur.
961 627 964 634 '

212 704 240 760 2.
261 707 308 759 iile
335 717 425 759 veroni
451 717 541 769 paoem
569 717 629 758 oum
655 707 709 759 beo
735 707 834 773 babet,
861 715 891 762 ot
917 711 983 765 nteit

141 794 237 848 utossa
255 803 335 856 super
351 790 431 844 illud:
460 790 613 850 (Justibeoti
640 803 673 844 ex
699 791 751 844 tide
775 806 866 856 pooern
884 797 985 848 babea-

141 891 203 932 mus
222 877 257 929 eb
275 877 379 937 boun)
398 877 487 938 (Rom.
517 872 552 940 5,
576 874 616 939 1.)
643 877 687 942 qui
714 879 840 932 aduersus
858 882 983 934 mandata

140 963 190 1018 bei
209 961 343 1015 contraria
362 962 497 1014 voluntate
516 973 568 1014 uon
586 962 686 1027 litigat:
711 965 755 1028 put
777 960 896 1028 sequitur
909 966 984 1029 jussa

140 1049 257 1112 bomini,
278 1053 305 1100 et
322 1047 356 1100 ab
374 1051 541 1112 praeceptum
567 1047 684 1101 birinum
708 1061 785 1103 suum
808 1050 889 1103 nectit
905 1051 983 1104 arbi·

139 1137 233 1188 trium.
271 1135 326 1187 Pux
349 1133 418 1185 euim
445 1145 507 1186 reru
534 1137 593 1197 est,
621 1137 780 1190 concordare
806 1148 865 1190 oum
893 1137 982 1202 probis

142 1219 272 1282 moribus,
292 1222 319 1271 et
336 1218 441 1281 litigare
459 1229 518 1270 cuno
535 1218 617 1272 uitiis.
972 1251 975 1256 -

215 1305 267 1357 Ille
283 1313 372 1357 ueram
391 1315 483 1368 putem
501 1315 560 1356 oum
584 1305 702 1368 proximo
728 1309 825 1373 babet,
854 1311 899 1374 oui
927 1312 982 1363 toto

143 1392 205 1444 uisu
225 1393 311 1453 cavet,
330 1402 364 1442 ne
382 1400 537 1456 quemquam
552 1404 584 1444 ex
596 1393 729 1456 proposito
741 1403 896 1460 quacunque
908 1407 984 1448 oooa·

143 1479 221 1531 sione
239 1475 382 1540 perturbet.
418 1477 465 1538 Qui
493 1479 561 1530 eninr
589 1472 623 1530 e'x'
649 1479 849 1534 deliberatione·
866 1483 983 1546 aliquem

143 1562 301 1627 perturbet,
329 1563 386 1614 sine
413 1563 609 1626 perturbatione
631 1565 782 1618 nuliatenus
806 1566 895 1632 atiquo
917 1567 983 1619 bora

143 1661 203 1701 esse
228 1650 323 1711 potest.
362 1651 411 1700 tut
428 1649 498 1701 enirn
521 1649 657 1715 turbatus,
688 1653 711 1704 st
737 1655 841 1715 potest,
869 1664 899 1704 se
924 1646 983 1706 riu'·

144 1733 232 1796 dison
256 1737 303 1786 aut
329 1733 351 1785 si
378 1734 513 1787 rinuioare
535 1742 587 1787 nou
611 1740 715 1799 potest,
746 1735 904 1789 dissimulat.
945 1736 984 1788 itu

143 1817 344 1884 perturbatione
367 1821 455 1871 tomen
472 1819 540 1872 iuste
557 1819 692 1872 stimulum
715 1823 743 1872 et
760 1831 904 1872 remorsunr
922 1831 985 1871 eon·

143 1905 275 1958 scientiae
292 1915 395 1968 semper
412 1917 499 1956 seeum
518 1907 613 1968 portnt.
957 1917 960 1920 ’

145 2025 149 2032 v
217 1991 267 2043 iiie
285 2001 375 2042 verurn
392 2003 484 2053 paoem
502 1991 618 2056 quaerit,
643 1989 688 2052 oui
706 1989 830 2040 continue
851 1999 880 2038 se
898 1988 984 2050 ipsum

144 2076 430 2130 tantumeonsiderot:
450 2081 477 2129 et
494 2087 705 2141 unumquemque
717 2075 821 2138 proprio
833 2075 986 2138 relinquens

142 2162 263 2227 jubicio,
289 2162 410 2214 omnibus
428 2162 579 2226 postpositis
606 2162 675 2215 euris
697 2161 856 2214 transitoriis
874 2162 901 2212 et
920 2165 986 2214 teur-

145 2247 281 2313 porottbos
300 2248 327 2300 in
345 2250 402 2300 solo
415 2249 461 2300 bei
480 2244 702 2314 contemplatione
715 2247 834 2312 quiescit.
862 2247 901 2300 ibi
914 2249 985 2300 euim

145 2333 312 2386 solummodo
330 2345 382 2398 pax
399 2333 615 2397 resoluuntur,
635 2337 702 2386 teste
715 2335 857 2396 Augustino
870 2334 984 2386 dicente:

146 2421 242 2474 iecisti
264 2431 311 2471 nos
334 2419 366 2470 od
394 2423 433 2482 te,
456 2421 578 2484 bomine3
606 2424 633 2472 et
650 2419 796 2484 inquietum
819 2423 859 2471 est
875 2429 921 2472 eor
937 2423 984 2472 uo·-

145 2509 240 2567 strum,
260 2505 344 2557 donee
360 2507 507 2570 requiescet
525 2505 552 2557 in
571 2507 607 2558 te.
814 2514 817 2518 ⁴

215 2591 243 2643 3.
261 2590 300 2643 Ab
328 2603 442 2642 aurorem
469 2603 548 2644 verae
574 2591 647 2655 pacis
676 2591 804 2644 iuducere
832 2603 880 2644 nos
906 2593 986 2644 debet

146 2677 248 2741 uupiex
266 2675 380 2729 ntiittns:
400 2677 502 2729 scilieet
518 2677 634 2730 suavitas
652 2679 680 2728 et
696 2677 770 2741 puies
789 2677 896 2740 urentis,
918 2689 986 2741 quae

145 2770 240 2828 pucenr
257 2755 387 2826 senonen
409 2764 470 2826 puio
487 2763 605 2815 suavitas
623 2766 663 2814 est
674 2762 749 2827 quasi
761 2772 820 2826 pers
838 2766 865 2814 et
881 2763 987 2814 initium

146 2849 245 2916 quietis
264 2850 291 2898 et
308 2848 446 2900 snovitetis
465 2852 601 2912 aeternae3
631 2849 693 2912 vol,
720 2848 780 2912 puio
807 2851 942 2900 oeternum
960 2851 988 2898 et

146 2933 300 2986 continuam
320 2931 509 2986 habitationem
527 2935 579 2986 beo
598 2938 738 2997 praeparat
759 2934 787 2984 iu
810 2933 915 2994 animo,
942 2930 987 2994 qni

146 3021 257 3084 propter
274 3017 382 3070 nimium
400 3019 635 3071 monsuetudinem·
653 3029 728 3070 suoru
755 3021 857 3070 tautum
878 3017 906 3068 in
931 3020 987 3066 eor·

147 3105 181 3157 de
199 3103 289 3168 quieto
308 3105 393 3156 lotum
411 3103 491 3156 babet
503 3107 530 3156 et
541 3099 690 3168 iepuiesoit‚
708 3103 767 3164 ipso
780 3094 861 3149 teste:
881 3101 911 3149 in
924 3110 987 3158 peso
