2384 3759
527 313 561 368 49

388 510 544 584 CAPUT
565 517 700 583 XVIII.

361 659 365 664 ’
438 653 486 710 Iba
505 641 647 710 veritate.

189 794 215 846 1.
237 792 344 846 veritos
359 792 430 857 juste
442 797 490 858 est,
510 795 690 859 quandovero
705 793 866 848 concordant
876 808 962 862 mens,

119 881 210 944 lingua
231 882 264 931 et
280 889 378 942 onera3
406 881 453 941 nt,
484 879 554 942 qnorl
570 880 652 932 sentlt
669 879 774 944 qnls'lu
792 881 889 946 eorde,
912 885 965 936 boo

119 968 243 1032 proterat
262 975 316 1028 ore,
334 967 361 1016 et
379 962 496 1028 perbolal
514 975 602 1028 onere,
621 967 743 1029 exemplo
760 966 877 1030 Apostoll
895 968 963 1021 inul-

119 1055 214 1106 tantis:
239 1053 389 1106 lmitatoras
407 1051 460 1103 mei
478 1053 570 1114 estote,
590 1051 695 1115 tratres,
714 1057 742 1105 et
759 1053 898 1106 observate
916 1065 963 1106 eos

118 1139 156 1204 (iel
174 1145 228 1203 est,
251 1137 389 1189 imitamini
402 1137 470 1197 eos),
490 1136 534 1201 oui
552 1137 589 1188 lta
608 1137 753 1202 ambulant,
773 1138 842 1191 sient
860 1138 963 1191 bebetis

117 1224 380 1278 formam-nostram.
401 1219 517 1285 (Pttlm.
533 1215 559 1284 3,
573 1215 631 1282 17.)
651 1219 756 1276 Glossa:
777 1223 806 1277 lel
824 1229 872 1289 est,
893 1225 963 1278 siout

120 1321 169 1374 ego
189 1307 284 1370 oredo,
305 1307 385 1358 doceo
403 1310 431 1358 et
443 1307 516 1359 ulvo.

189 1393 218 1445 2.
240 1395 289 1446 llle
307 1405 388 1448 verax
406 1396 462 1454 est,
482 1392 527 1457 qul
546 1392 608 1456 beo,
628 1395 655 1444 et
672 1395 793 1447 omnibns
811 1394 962 1447 bominibus

120 1478 327 1534 immutabiliter
345 1478 431 1530 omnia
450 1483 511 1530 vota
527 1481 634 1542 servat,
663 1483 690 1531 et
708 1481 796 1532 omnia
814 1482 894 1533 verba
912 1493 963 1533 sua

119 1568 206 1620 semel
226 1565 298 1617 diota
316 1576 394 1628 onere
412 1565 539 1628 comptem
569 1566 620 1617 nlsl
639 1577 669 1618 ea
688 1568 843 1631 quandoque
861 1566 964 1619 salubri

120 1653 237 1706 oonsilio
255 1655 353 1704 mutet:
370 1651 443 1714 juxta
463 1651 528 1703 illnel
547 1651 652 1704 lsidorit
683 1654 713 1705 ln
731 1653 807 1704 molis
826 1650 965 1714 promissis

120 1735 248 1791 rescinde
274 1733 370 1796 iidem,
399 1737 426 1786 ol
443 1735 470 1785 ln
488 1735 557 1798 tnrpl
576 1737 636 1788 voto
654 1739 727 1788 muta
745 1737 888 1788 decretum.
918 1735 964 1787 Sle

120 1822 251 1877 Dominus
278 1819 432 1884 quandoque
458 1821 615 1874 sententiam
642 1824 774 1885 propriam
792 1821 962 1884 pernotant,

120 1915 152 1964 ut
168 1912 247 1974 patet
266 1907 292 1957 ln
310 1906 418 1958 Ezeabla
437 1907 464 1957 et
482 1905 613 1959 Ninivitis.
647 1908 712 1960 llam
730 1906 866 1960 Ezechiam
885 1907 963 1958 morl·

121 2000 212 2049 turum
224 2004 275 2058 ner
284 1993 385 2044 Esaiam
404 1991 547 2056 praedixit3
567 1996 593 2044 et
613 1996 701 2044 tamen
719 1991 868 2057 qulnleeim
881 2003 965 2044 annos

121 2083 148 2135 ei
174 2083 240 2146 post
265 2079 354 2131 lletnm
374 2077 478 2141 adiecit.
510 2079 541 2131 lit
559 2079 679 2132 Ninirem
702 2079 772 2132 inire
790 2077 965 2142 quadraginta

120 2169 179 2222 (lies
199 2165 406 2219 subvertendam
424 2177 471 2228 per
488 2167 579 2218 lonam
597 2165 770 2228 praedicarit,
789 2177 867 2230 onam
885 2177 965 2230 proo-

122 2258 165 2306 ter
183 2251 398 2304 humiliationem
417 2250 487 2314 regis
506 2255 532 2303 et
550 2251 641 2314 populi
659 2255 729 2304 stare
747 2251 875 2315 permisit

194 2335 223 2389 3.
244 2338 282 2390 Ad
302 2339 437 2390 veritatem
456 2337 552 2390 amoris
570 2336 698 2389 inducere
715 2350 763 2390 nos
782 2337 875 2402 debet,
895 2337 965 2404 quob

121 2425 246 2478 Cbrlstos
265 2427 305 2476 est
322 2425 435 2486 verbosa
455 2428 481 2476 et
500 2425 560 2488 qula
573 2423 671 2476 veritos
683 2435 787 2487 semper
804 2424 833 2476 in
850 2437 879 2476 se
893 2435 965 2477 arna·

121 2511 185 2566 bilis
206 2516 256 2563 est.
289 2511 319 2562 lit
337 2510 399 2563 lloet
416 2509 546 2574 allooibns
564 2509 720 2574 quandoone
739 2510 826 2574 mavis
844 2509 879 2561 sit
896 2511 965 2562 veri·

123 2602 164 2651 tas
196 2601 226 2649 et
256 2595 451 2658 intolerabilis,
483 2607 535 2647 non
559 2597 600 2647 est
618 2596 667 2648 boc
685 2607 719 2646 ex
737 2598 812 2658 parte
830 2595 966 2660 veritatis3

121 2685 170 2737 setl
188 2695 225 2736 ex
243 2687 318 2746 parte
335 2695 434 2746 pravae
452 2676 594 2750 voluntatis
613 2693 721 2746 eorum,
754 2693 835 2746 quam
851 2681 966 2734 libenter

123 2771 278 2836 implerent,
298 2769 468 2822 alteritatem
480 2768 639 2820 contrariam
652 2779 706 2820 non
724 2768 859 2822 baberent.
880 2768 967 2821 castis

122 2863 149 2910 et
179 2855 329 2909 bumlllbos
359 2854 481 2908 amabilis
499 2858 539 2907 est
556 2853 673 2918 veritas,
704 2866 771 2918 quae
801 2852 969 2907 commendat

122 2943 276 2998 castitatem
304 2944 332 2994 et
357 2941 543 3002 bumilitatem,
571 2943 597 2993 et
615 2940 759 2992 detestatur
777 2935 967 3004 impodioltiann

121 3034 150 3084 et
177 3029 348 3094 superbiam
379 3027 441 3093 quia
467 3027 546 3080 nimis
573 3025 705 3078 contraria
728 3029 768 3076 est
784 3019 970 3084 lmnndloiset

121 3115 259 3182 superbis,
278 3115 323 3179 oni
341 3125 370 3166 se
389 3114 416 3166 ln
435 3111 561 3176 oppositis
579 3111 760 3164 llrmareruut.

177 3207 273 3249 Altera
287 3206 317 3244 ra.
331 3205 480 3246 anennoeton.
794 3183 812 3233 4
