2384 3759
628 340 663 397 82

228 491 306 541 caute
324 485 459 549 restringit
476 497 493 536 n
510 484 598 538 licitis.
631 485 686 537 Non
708 484 792 536 solum
810 487 897 535 autem
917 494 968 545 per
986 484 1068 537 verba

230 571 336 625 inutilia
364 575 391 623 et
416 572 528 633 nociva,
560 569 704 623 sedetiam
723 580 770 633 per
788 568 867 621 verba
884 569 963 621 utiiic
983 572 1068 633 mata

226 657 371 723 spiritualis
402 656 563 718 effunditur,
593 667 654 709 eum
686 655 713 707 in
740 654 871 719 innuendo
898 654 995 707 modus
1015 668 1067 709 nun

227 745 392 797 observatur.
420 744 487 795 Rara
504 745 545 793 est
561 744 628 793 naec
647 741 746 803 uirtus,
779 740 924 793 moderatio
945 741 1066 807 linguae,

227 837 295 882 teste
311 831 425 883 Jacooo:
458 828 545 881 omnis
571 832 663 879 natura
684 826 843 890 bestiarum,
866 829 894 879 et
911 828 1064 893 volucrum,

226 921 254 969 et
265 917 436 979 serpentium,
456 919 485 970 et
494 917 657 967 caeterorum
674 914 820 976 domantur,
840 917 867 965 et
884 913 985 965 domitu
1005 919 1068 967 sunt

224 1017 242 1054 a
271 1009 366 1056 natura
396 1003 526 1063 dumana3
558 1001 675 1063 linguam
703 1003 790 1051 autem
817 1000 1065 1055 nuilusirominum

226 1090 333 1141 domare
352 1091 445 1151 potest,
465 1087 610 1150 inquietum
629 1086 736 1148 maium,
756 1086 834 1148 piena
853 1096 957 1138 veneno
974 1088 1065 1139 tuorti-

226 1176 292 1227 iero.
311 1172 390 1237 (lac.
411 1172 437 1234 3,
458 1168 482 1221 i.
497 1167 539 1231 8,)
559 1172 662 1225 Glossa:
683 1170 781 1234 Lingua
800 1182 949 1235 pravorum,
971 1172 1066 1223 bestiis
1115 1238 1116 1241 Ἴ

226 1259 381 1321 ferocitate,
410 1258 561 1310 volucribus
580 1257 706 1321 levitate,
735 1256 899 1319 serpentibus
917 1258 1066 1311 virulentia
1115 1314 1116 1321 ,

226 1344 374 1406 praecedit.
406 1346 472 1397 sunt
501 1344 570 1395 enim
601 1344 742 1405 bestiales,
774 1343 818 1407 qui
845 1348 1009 1397 eracuemnt
1035 1351 1066 1397 ut
1115 1394 1116 1409 2

224 1432 343 1496 gradium
362 1430 465 1493 linguas
483 1442 552 1480 suas.
588 1431 656 1481 Sunt
676 1430 811 1492 volucres,
844 1429 889 1494 qui
915 1436 1064 1493 posueruut
1115 1434 1116 1499 i

224 1517 337 1571 incocto
349 1529 379 1569 os
396 1527 481 1579 suum,
502 1524 528 1567 et
545 1526 654 1579 quorum
673 1528 702 1567 os
721 1517 833 1567 locutum
854 1520 893 1569 est
906 1516 1062 1568 vanitatem.
1115 1502 1116 1539 3

224 1606 294 1657 sunt
309 1608 457 1665 serpentes,
487 1601 631 1665 dequibus
651 1601 757 1655 dicitur:
789 1602 922 1655 Venenum
942 1602 1063 1667 aspidum
1115 1584 1116 1671 ᾗ

224 1690 274 1743 suit
293 1688 371 1742 labiis
389 1699 487 1740 eorum.
510 1688 570 1751 (Pe.
591 1686 635 1751 13,
655 1686 695 1753 3.)
1115 1680 1116 1697 ’

295 1773 321 1827 2.
350 1774 387 1827 nd
414 1785 528 1827 amorem
555 1774 740 1827 taciturnitatis
767 1773 891 1826 inducere
917 1786 966 1827 nos
984 1774 1066 1827 dedet
1115 1790 1116 1841 3

208 1854 420 1915 ‘sanctissimum
451 1860 601 1923 exemptum
632 1859 732 1911 Domini
763 1858 845 1911 nostri
872 1860 932 1913 iesu
956 1860 1062 1922 Christi,
1115 1886 1116 1889 =

221 1950 271 2017 ,qui
290 1946 494 2001 taciturnitatem
513 1946 707 2009 commendans,
739 1946 772 1997 de
791 1946 956 2009 impositione
974 1946 1063 1999 crimi·
1115 1944 1116 1991 ἐ

223 2047 289 2086 num
306 2034 490 2095 interrogatus,
513 2044 541 2082 se
560 2032 644 2086 notuit
663 2044 798 2095 excusare,
819 2044 868 2085 nec
885 2044 933 2097 per
951 2044 1061 2095 respon·

223 2120 326 2171 sionem
344 2122 453 2170 mortem
471 2128 544 2168 suam
556 2117 639 2168 voiuit
652 2117 765 2170 differre.
792 2119 829 2171 ta
848 2118 917 2171 idem
936 2118 1062 2171 inducere
1115 2174 1116 2177 Ἴ

224 2217 275 2257 nos
291 2204 370 2255 debet
388 2204 537 2265 exemplum
556 2202 690 2264 cuiusdam
708 2203 853 2264 Eremitae,
873 2204 906 2255 de
924 2214 975 2268 quo
996 2204 1061 2267 legi-

223 2294 285 2351 tur,
317 2288 384 2353 qnod
414 2288 496 2340 tribus
524 2288 599 2339 annis
628 2288 742 2353 lapidem
761 2290 788 2341 in
807 2300 851 2342 ore
869 2288 999 2354 gestarit,
1031 2293 1063 2340 ut

225 2376 340 2427 duceret
356 2375 489 2427 sitentium
507 2386 620 2427 semare.
653 2374 734 2427 citius
752 2374 822 2427 enim
846 2374 994 2427 addisceret
1012 2375 1061 2427 aii·

224 2460 284 2525 nnis
302 2459 381 2523 loqui,
402 2472 478 2523 quarn
498 2464 593 2523 tacere,
611 2459 686 2522 juxta
706 2460 769 2511 iilud
781 2459 924 2523 Sapientis:
946 2460 1077 2529 pui'scit

226 2545 308 2610 tonui,
329 2544 415 2597 discat
432 2548 458 2595 et
476 2548 572 2597 tacere.

295 2630 333 2683 td
360 2615 429 2681 idem
456 2630 580 2683 inducere
607 2643 654 2683 nos
682 2628 760 2683 debet
778 2630 929 2697 utitituser
949 2644 980 2683 ea
1001 2644 1060 2696 pro·

223 2716 344 2770 ueniens.
368 2716 431 2768 Nam
451 2715 584 2767 sitentium
603 2728 647 2769 cor
665 2718 815 2769 distractum
835 2718 976 2779 componit,
999 2731 1061 2771 con·

223 2801 352 2855 &entiae
369 2800 537 2853 serenitatem
556 2800 673 2865 inducit,
700 2809 726 2855 et
751 2802 784 2853 ad
803 2803 981 2867 recipiendum
1002 2818 1061 2870 gra·
1115 2838 1116 2869 3

224 2887 289 2948 dam
308 2885 423 2941 divium
442 2884 557 2937 natitent
574 2893 689 2939 mentem
715 2886 786 2941 iacit.
832 2888 878 2940 Ubi
898 2895 987 2943 autern
1007 2904 1061 2943 uon

225 2978 268 3026 cst
284 2971 457 3034 taciturnitas,
476 2969 514 3022 ini
531 2971 608 3023 homo
627 2972 658 3025 de
678 2973 747 3027 taciti
765 2976 798 3027 ab
812 2974 961 3027 adversario
981 2990 1062 3041 supe·
1115 2988 1116 3045 ζ

225 3062 307 3123 ratur,
322 3060 399 3121 juxta
416 3055 499 3109 iliud:
519 3055 592 3108 Sicut
609 3057 670 3111 uris
688 3062 790 3123 potens,
812 3065 838 3113 et
854 3060 953 3125 aisque
972 3075 1063 3117 muro·
1115 3116 1116 3137 ,

223 3152 284 3193 rum
313 3142 425 3195 ambitu:
457 3141 493 3193 ita
524 3139 581 3204 vir,
613 3142 655 3205 qui
682 3152 733 3195 non
761 3150 847 3209 potest
873 3146 899 3197 iu
926 3148 1064 3211 innuendo
1115 3144 1116 3217 3
