2384 3759
444 310 580 368 '195

129 473 169 512 se.
188 466 289 520 eorpus
305 451 457 508 salvatoris.
489 452 526 506 be
543 452 627 516 prima
646 451 787 516 tanguore:
808 450 911 506 induite
928 461 975 506 roa

129 547 300 601 armaturam
315 540 372 604 bei,
390 541 421 592 ut
437 536 545 603 possitis
561 541 634 590 stare
652 535 777 592 adversus
794 536 975 597 insidiasdiu·

129 631 201 686 boii.
218 621 441 690 (bpbeo.6,11.)
459 649 494 660 -
511 625 547 678 be
569 622 701 676 secundo:
730 624 795 686 caro
816 624 977 689 concupiscit

133 716 270 770 aduersos
282 711 413 776 spiritum.
427 709 511 772 (dui.
521 705 549 774 5,
562 705 604 770 2.)
633 709 713 764 Video
730 709 809 764 eiiam
827 711 913 774 ierem
925 713 973 764 eta

132 806 220 866 nuga
253 798 272 851 i.
292 809 317 862 e,
345 795 463 850 tomitem
489 795 592 860 passati
618 794 646 848 in
669 795 793 850 membris
810 797 883 861 meis,
902 798 932 850 ut
949 796 977 850 iu

134 888 215 943 osuiu
232 885 267 938 ad
285 882 531 947 ooneupiseeudum,
549 881 578 936 in
595 882 687 946 lingua
705 883 739 936 ad
756 882 974 948 maledicendum,

135 976 167 1028 in
185 984 271 1026 manu
288 971 322 1024 ud
339 968 551 1024 maleficiendum
577 970 606 1020 et
627 968 665 1021 sio
683 969 716 1022 de
734 969 811 1022 aliis:
830 981 977 1035 repugnan-

136 1065 192 1114 tem
211 1057 268 1122 tegi
285 1054 382 1110 munds
392 1066 469 1108 meae
486 1053 505 1106 i.
525 1065 549 1107 e.
570 1055 625 1118 tegi
648 1055 703 1108 bei.
723 1081 757 1091 -
775 1056 810 1109 be
829 1057 905 1110 tertio
923 1057 975 1111 ier.

139 1145 168 1211 2,
181 1142 244 1198 22:
272 1142 300 1196 sd
319 1141 417 1195 labens
435 1141 558 1205 tonitru,
578 1144 667 1194 tumen
684 1142 817 1196 maculata
835 1154 863 1196 es
881 1142 909 1196 in
927 1142 977 1196 ini·

138 1231 289 1300 quitatibus
300 1229 353 1282 tuis
364 1239 453 1281 eoram
461 1238 513 1280 me.
534 1252 570 1262 -
585 1228 624 1280 bo
637 1233 741 1292 quarto:
761 1230 813 1294 Ero
825 1231 907 1285 iratus
919 1239 978 1282 suar

139 1329 246 1384 purum,
267 1315 317 1380 ipsi
330 1316 419 1369 autem
437 1312 594 1377 adjuverunt
605 1311 633 1365 in
645 1314 753 1369 maium.
768 1312 977 1382 (Zucb.1,15.)

139 1409 220 1470 tue:
250 1401 356 1456 lustitia
372 1399 420 1452 bei
443 1409 498 1452 nou
514 1397 578 1452 sinit
595 1408 653 1452 esse
678 1399 792 1454 dedecus
810 1402 902 1466 eulpae
920 1401 978 1458 sine

142 1491 238 1544 deeore
256 1486 397 1540 uiudietae.
505 1488 507 1492 “

214 1575 312 1628 contra
328 1573 394 1625 bueo
412 1574 522 1638 quatuor
538 1570 608 1623 maia
632 1569 786 1624 ordinantur
804 1561 915 1648 quatuor
933 1574 978 1627 do·

142 1661 235 1717 miniei
253 1660 370 1723 eorporis
386 1660 486 1713 fruetus
504 1657 590 1723 primi,
618 1658 661 1722 qui
685 1671 732 1711 nos
755 1659 870 1713 liberant
887 1673 902 1712 a
920 1661 978 1716 rin·

143 1749 212 1804 auiis
238 1747 346 1810 ouipae,
374 1745 529 1798 daemonem
544 1744 648 1808 tugano,
676 1745 792 1798 fomitem
810 1747 977 1811 refrigerant,

143 1835 277 1890 maculam
295 1831 381 1886 sordis
392 1831 529 1893 mundant,
548 1830 614 1882 iram
626 1831 672 1883 bei
684 1833 798 1894 piuoaut.
827 1834 863 1886 be
880 1834 979 1898 primo:

143 1922 262 1995 Exurgat
287 1919 356 1971 beus
383 1921 410 1971 et
436 1913 598 1982 dissipentur
613 1913 713 1968 inimioi
732 1917 796 1981 eins.
811 1919 868 1980 (Pe.
884 1916 927 1984 di,
941 1917 980 1983 1.)

144 2035 178 2046 -
197 2008 235 2060 be
253 2003 368 2058 seeundo
387 2004 487 2058 iruetu:
506 2003 592 2056 Virtus
605 2003 731 2056 ditissimi
744 2004 909 2058 obumbrabit
921 2006 979 2060 tibi.

145 2096 211 2148 cum
238 2102 301 2155 ergo
327 2089 414 2144 tidelis
437 2101 532 2153 eorpus
550 2089 648 2144 curisti
665 2090 754 2155 sumit,
786 2088 923 2156 spirituale
941 2105 982 2146 re·

144 2179 284 2245 mserum
309 2176 434 2243 percipit,
461 2176 538 2242 quasi
562 2176 596 2230 de
613 2176 706 2230 umbra
729 2177 844 2243 gratiae,
864 2181 983 2244 quaeda

145 2268 205 2332 ipso
222 2265 290 2318 duit
321 2266 386 2318 osee
398 2260 442 2327 14,
454 2259 494 2314 3.;
518 2263 573 2327 Ego
592 2263 667 2326 quiasi
684 2274 727 2316 ros
746 2267 773 2316 et
790 2264 870 2318 israel
889 2265 983 2329 gerni·

144 2353 222 2406 nabit
239 2351 308 2406 siout
324 2350 419 2405 lilium.
438 2351 527 2404 -be
546 2349 624 2404 tertio
643 2350 730 2402 imetu
747 2351 781 2402 is.
794 2347 820 2414 6,
835 2348 880 2404 6.;
908 2351 984 2404 vola·

146 2441 190 2494 uit
206 2437 241 2490 ad
259 2449 302 2491 ma
320 2449 389 2490 uuus
407 2436 440 2490 de
458 2434 598 2502 seraptim
625 2439 652 2490 et
673 2435 701 2490 iu
723 2447 803 2490 manu
822 2437 878 2502 ejus
896 2439 984 2492 colou-

147 2529 200 2591 ius‚
220 2536 298 2590 quem
310 2523 410 2588 iorotpe
428 2523 526 2577 tulerat
543 2524 577 2577 de
593 2523 672 2576 aitmi
688 2526 716 2576 et
727 2521 807 2576 dixit:
827 2524 892 2578 Eooe
910 2526 985 2590 tetigi

148 2611 221 2666 iabin
238 2613 286 2662 tue
303 2613 332 2663 et
349 2610 484 2663 auderetur
500 2610 627 2677 intortus
646 2611 692 2662 tuo
713 2611 741 2664 et
757 2613 893 2676 peecatum
911 2615 985 2666 tuum

147 2697 328 2752 mundabitur.
374 2696 452 2762 Lupis
479 2697 531 2750 istu
560 2697 696 2763 praecisus
722 2703 822 2752 sumtus
848 2697 881 2750 de
908 2698 987 2750 ultori

148 2785 283 2852 signifieat
299 2796 393 2848 eorpus
411 2785 506 2840 curisti
529 2788 556 2838 et
573 2786 636 2838 dum
654 2795 686 2838 eo
704 2795 739 2850 os
757 2785 841 2838 sordis
859 2783 985 2847 tangimur,

148 2876 289 2938 pausatum
315 2871 421 2924 reniale
449 2871 599 2926 mundatur.
645 2871 736 2935 Grau:
764 2872 887 2925 bominus
914 2869 992 2924 dedit

149 2957 227 3012 nobis
245 2957 441 3010 sacramentum
460 2957 564 3024 salutis,
594 2961 625 3012 ut
652 2959 698 3024 qui
716 2958 832 3023 quodidie
850 2967 987 3022 pensamus

149 3048 178 3098 et
194 3043 243 3097 tile
259 3043 317 3106 iam
334 3043 401 3097 mori
425 3055 473 3107 pro
490 3049 599 3108 peoomo
623 3056 676 3099 non
693 3047 794 3108 potest,
815 3055 863 3107 per
881 3046 929 3096 boo
946 3055 987 3098 re·

147 3130 311 3186 missionem
328 3140 526 3194 consequamur.
546 3157 581 3168 —
600 3131 636 3184 be
655 3133 747 3196 quarto
769 3131 867 3264 {geom
895 3132 988 3184 Munus
