2384 3759
652 388 686 443 io

249 534 306 585 um
324 530 439 594 diligens
456 533 497 583 est
514 531 584 583 cirea
601 528 730 592 spiritum,
750 527 817 581 sicut
834 528 902 581 circa
920 538 1053 579 earnem:
1072 526 1093 577 si

249 621 307 669 tam
333 618 440 681 paratus
467 617 508 667 est
524 614 553 666 in
570 614 691 666 omuibus
709 613 815 667 obedire
833 612 967 677 spirituali
986 610 1093 664 medico

249 713 299 765 pro
317 703 404 754 salute
420 700 530 766 spiritus
548 703 575 752 et
591 698 715 762 animae,
741 700 809 751 sicut
834 698 966 763 corporali
986 697 1093 749 medico

249 799 299 852 pro
324 788 412 840 sainte
429 786 564 851 eorporis:
594 788 621 837 et
642 785 665 837 sl
683 789 737 837 nm
754 785 872 839 solicitus
890 788 929 837 est
947 784 1093 848 acquirere

249 874 381 938 matiam,
413 884 465 938 qna
494 871 595 935 indiget
624 870 652 923 ln
671 870 828 925 adversitate
857 873 884 923 et
900 871 1091 933 prosperitate,

249 972 303 1025 una
321 961 354 1013 ad
372 960 488 1021 amicos,
519 970 572 1022 oua
589 957 623 1009 ad
640 956 773 1019 inimicos,
805 967 856 1020 nna
872 965 931 1007 cum
949 950 1091 1015 laudatur,

249 1058 305 1111 ona
322 1057 382 1099 cnm
400 1045 573 1109 vituperetur,
591 1055 643 1109 uua
661 1042 762 1105 indiget
778 1042 848 1095 solus
866 1052 954 1095 eoram
973 1042 1047 1102 ileo,
1067 1046 1092 1092 et

249 1144 305 1197 qna
334 1134 395 1194 eget
420 1131 490 1183 inter
512 1129 647 1183 bomines:
679 1128 747 1181 sieut
775 1128 891 1181 solicitus
909 1130 951 1179 est
969 1126 1006 1177 de
1027 1126 1090 1178 cibis

250 1213 419 1276 eumenius,
450 1214 494 1265 uel
524 1211 811 1278 quadragesimalibus,
841 1212 884 1265 vel
909 1211 943 1263 de
969 1213 1090 1265 vestibus

250 1297 424 1353 aestivalibus
450 1299 493 1351 rel
519 1298 685 1352 hiemalibus.
725 1299 754 1352 Sl
773 1301 873 1352 mutum
889 1296 981 1351 studet
999 1297 1090 1363 acqui·

250 1394 319 1443 rere,
338 1382 526 1447 multiplicare,
544 1394 710 1446 conservare,
730 1384 831 1437 utiliter
848 1383 999 1448 expendere
1021 1384 1089 1437 dona

249 1468 409 1532 spiritualia,
428 1468 496 1521 sieut
512 1468 657 1521 saecularis
675 1468 742 1521 bona
760 1468 921 1532 temporalia.
954 1468 987 1520 lit
1018 1472 1089 1521 tanto

250 1553 335 1618 magis
354 1553 465 1617 diligens
483 1558 523 1606 esi
540 1555 569 1607 in
585 1554 689 1619 spiritu,
709 1566 787 1619 unam
805 1555 968 1617 incorpore,
988 1558 1089 1618 quanto

249 1639 355 1705 dignior
382 1645 423 1693 est
452 1640 559 1704 spiritus
588 1652 707 1705 corpore.
739 1641 774 1693 be
805 1640 845 1693 his
875 1640 999 1693 omnibus
1028 1640 1089 1692 dicit

248 1726 405 1789 Apostolus:
435 1725 482 1789 dui
509 1726 653 1779 secundum
680 1737 785 1779 curnem
803 1730 882 1789 suut,
913 1738 982 1790 uuae
1002 1726 1089 1779 carnis

247 1815 320 1875 sunt,
340 1811 454 1876 sapiunt.
484 1812 531 1873 Qui
548 1823 611 1864 vero
630 1812 772 1864 secundum
790 1811 908 1876 spiritum
926 1814 1001 1875 sunl,
1023 1823 1088 1879 quae

248 1895 357 1959 spiritus
374 1900 445 1960 sunt,
463 1898 589 1949 sentiunt.
609 1894 701 1959 (Rom.
722 1892 748 1959 8,
768 1892 807 1959 5.)

318 1978 345 2033 4.
364 1985 550 2046 Argumentum
563 1982 678 2035 cunulis
696 1982 766 2035 ultae
784 1987 832 2046 est,
852 1981 998 2035 seeundum
1012 1994 1088 2047 regu·

249 2067 302 2119 lam
319 2069 405 2121 camis
422 2068 520 2121 virere.
551 2070 581 2121 b.
601 2069 768 2133 Augustinus.
800 2067 849 2121 llle
866 2066 1015 2119 seeundum
1033 2080 1087 2119 car·

248 2164 310 2204 nem
329 2152 403 2215 vivit,
422 2154 467 2217 qni
484 2152 628 2205 amundum
640 2152 754 2215 seipsum
772 2151 852 2205 vivit:
872 2151 899 2203 id
917 2156 967 2215 est,
985 2152 1085 2215 pergit,

248 2246 301 2297 ono
313 2236 383 2288 vult:
404 2237 511 2300 dormit,
529 2236 633 2301 quando
644 2240 710 2300 mit,
723 2243 757 2302 ‚et
773 2238 898 2303 quandin
909 2240 980 2291 uult:
1002 2239 1086 2303 loqui·

247 2325 301 2381 tur,
322 2332 388 2383 uuae
406 2323 472 2386 mit,
492 2327 520 2375 et
536 2323 580 2375 cui
597 2322 674 2384 uult,
694 2325 720 2375 et
737 2324 783 2376 nbi
800 2324 870 2376 vult:
897 2322 1043 2375 manducat
1061 2326 1086 2374 et

248 2403 326 2468 bibit,
346 2406 449 2470 quando
467 2409 542 2468 nult,
572 2413 599 2459 et
617 2414 742 2471 quantum
761 2410 833 2461 vult:
862 2407 932 2461 ridet
949 2412 976 2459 et
990 2408 1086 2470 jucnn-

247 2489 327 2542 datur
338 2491 458 2555 turpiter,
473 2493 614 2558 interouos
624 2494 690 2557 vult,
705 2497 732 2546 et
744 2493 849 2558 quando
861 2494 931 2546 mit:
952 2496 1085 2555 postremo

247 2575 374 2638 quidquid
400 2577 508 2631 naribus
534 2591 616 2632 suane
635 2584 691 2642 est,
722 2577 837 2643 quaerit:
866 2578 995 2643 quidquid
1014 2584 1084 2631 tactu

246 2659 383 2724 blandum,
402 2661 527 2727 quidquid
545 2664 629 2716 oeulis
647 2662 816 2725 delectabile,
837 2662 962 2728 quidquid
980 2662 1085 2726 corpori

245 2756 296 2797 suo
311 2745 475 2810 iucundum,
502 2751 608 2799 exercet
631 2751 658 2801 et
675 2747 801 2812 sequitur,
821 2748 935 2813 qualiter
952 2748 1031 2810 mit,
1060 2752 1086 2800 et

245 2832 352 2896 quando
380 2833 449 2885 uult:
480 2831 542 2897 onia
569 2833 657 2884 omnia
685 2833 757 2885 licita
785 2838 811 2886 et
829 2832 922 2886 illicita
939 2836 1086 2887 carnaliter

247 2918 315 2971 ruit
346 2917 496 2968 Delectatur
512 2915 541 2967 in
558 2916 721 2971 uestimentis
740 2917 939 2982 pulcherrimis,
964 2924 992 2971 et
1011 2919 1085 2984 equis

245 3004 276 3053 et
287 3001 375 3061 aroris,
395 3000 463 3053 sieut
480 3000 546 3062 mli,
566 3006 594 3051 et
611 3003 715 3063 quando
733 3004 798 3055 vult.
824 3004 856 3055 lit
872 3006 910 3057 sic
922 3016 976 3057 non
988 3017 1084 3058 secun·

245 3088 309 3139 dum
339 3088 438 3147 benni,
468 3085 515 3137 sed
544 3086 687 3139 curialiter
716 3087 782 3141 vivit
811 3088 838 3141 et
860 3089 1027 3155 delectatur,
1059 3092 1086 3142 et

245 3174 336 3225 omnia
345 3172 478 3225 desideria
487 3172 573 3224 umis
583 3171 693 3237 perlicit,
707 3174 774 3227 sicut
784 3176 849 3241 uult,
864 3180 890 3229 et
899 3176 1007 3241 quando
1019 3177 1083 3230 vult
