<?xml version="1.0" encoding="UTF-8"?>
<!DOCTYPE html PUBLIC "-//W3C//DTD XHTML 1.0 Transitional//EN"
    "http://www.w3.org/TR/xhtml1/DTD/xhtml1-transitional.dtd">
<html xmlns="http://www.w3.org/1999/xhtml" xml:lang="en" lang="en">
 <head>
  <title>
</title>
<meta http-equiv="Content-Type" content="text/html;charset=utf-8" />
  <meta name='ocr-system' content='tesseract 3.04.00' />
  <meta name='ocr-capabilities' content='ocr_page ocr_carea ocr_par ocr_line ocrx_word'/>
</head>
<body>
  <div class='ocr_page' id='page_1' title='image "./paradisusanimae00sailgoog_0069.png"; bbox 0 0 2384 3759; ppageno 0'>
   <div class='ocr_carea' id='block_1_1' title="bbox 522 339 556 394">
    <p class='ocr_par' dir='ltr' id='par_1_1' title="bbox 522 339 556 394">
     <span class='ocr_line' id='line_1_1' title="bbox 522 339 556 394; baseline 0.059 -2"><span class='ocrx_word' id='word_1_1' title='bbox 522 339 556 394; x_wconf 77' lang='lat' dir='ltr'><strong>tu</strong></span> 
     </span>
    </p>
   </div>
   <div class='ocr_carea' id='block_1_2' title="bbox 104 480 958 3203">
    <p class='ocr_par' dir='ltr' id='par_1_2' title="bbox 104 480 957 1057">
     <span class='ocr_line' id='line_1_2' title="bbox 104 480 956 538; baseline -0.002 0"><span class='ocrx_word' id='word_1_2' title='bbox 104 485 192 538; x_wconf 82' lang='lat' dir='ltr'><strong>etiam</strong></span> <span class='ocrx_word' id='word_1_3' title='bbox 216 494 273 536; x_wconf 92' lang='lat' dir='ltr'><strong>non</strong></span> <span class='ocrx_word' id='word_1_4' title='bbox 292 480 503 535; x_wconf 80' lang='lat' dir='ltr'><strong>desiderantibus</strong></span> <span class='ocrx_word' id='word_1_5' title='bbox 522 483 548 534; x_wconf 83' lang='lat' dir='ltr'><strong>et</strong></span> <span class='ocrx_word' id='word_1_6' title='bbox 565 491 619 532; x_wconf 91' lang='lat' dir='ltr'><strong>non</strong></span> <span class='ocrx_word' id='word_1_7' title='bbox 636 482 788 534; x_wconf 81' lang='lat' dir='ltr'><strong>carentibus</strong></span> <span class='ocrx_word' id='word_1_8' title='bbox 810 480 956 536; x_wconf 76' lang='lat' dir='ltr'><strong>doctrinm</strong></span> 
     </span>
     <span class='ocr_line' id='line_1_3' title="bbox 105 566 957 634; baseline -0.004 -11"><span class='ocrx_word' id='word_1_9' title='bbox 105 576 135 623; x_wconf 87' lang='lat' dir='ltr'><strong>et</strong></span> <span class='ocrx_word' id='word_1_10' title='bbox 152 567 392 634; x_wconf 70' lang='lat' dir='ltr'><strong>praedicationem</strong></span> <span class='ocrx_word' id='word_1_11' title='bbox 410 566 550 618; x_wconf 83' lang='lat' dir='ltr'><strong>secundnm</strong></span> <span class='ocrx_word' id='word_1_12' title='bbox 570 567 709 618; x_wconf 77' lang='lat' dir='ltr'><strong>concilium</strong></span> <span class='ocrx_word' id='word_1_13' title='bbox 726 568 842 630; x_wconf 78' lang='lat' dir='ltr'><strong>Apostoll</strong></span> <span class='ocrx_word' id='word_1_14' title='bbox 859 577 957 633; x_wconf 61' lang='lat' dir='ltr'><strong>oppora</strong></span> 
     </span>
     <span class='ocr_line' id='line_1_4' title="bbox 105 651 957 718; baseline -0.001 -10"><span class='ocrx_word' id='word_1_15' title='bbox 105 660 174 708; x_wconf 83' lang='lat' dir='ltr'><strong>tune</strong></span> <span class='ocrx_word' id='word_1_16' title='bbox 208 657 240 706; x_wconf 83' lang='lat' dir='ltr'><strong>ct</strong></span> <span class='ocrx_word' id='word_1_17' title='bbox 271 654 420 718; x_wconf 70' lang='lat' dir='ltr'><strong>importune</strong></span> <span class='ocrx_word' id='word_1_18' title='bbox 450 651 603 716; x_wconf 85' lang='lat' dir='ltr'><strong>participat:</strong></span> <span class='ocrx_word' id='word_1_19' title='bbox 636 651 689 704; x_wconf 91' lang='lat' dir='ltr'><strong>imo</strong></span> <span class='ocrx_word' id='word_1_20' title='bbox 718 652 797 704; x_wconf 82' lang='lat' dir='ltr'><strong>etiem</strong></span> <span class='ocrx_word' id='word_1_21' title='bbox 821 654 912 706; x_wconf 81' lang='lat' dir='ltr'><strong>inritis</strong></span> <span class='ocrx_word' id='word_1_22' title='bbox 927 659 957 706; x_wconf 82' lang='lat' dir='ltr'><strong>ct</strong></span> 
     </span>
     <span class='ocr_line' id='line_1_5' title="bbox 105 737 957 804; baseline 0 -12"><span class='ocrx_word' id='word_1_23' title='bbox 105 740 305 804; x_wconf 75' lang='lat' dir='ltr'><strong>ignorantibus</strong></span> <span class='ocrx_word' id='word_1_24' title='bbox 332 737 481 800; x_wconf 84' lang='lat' dir='ltr'><strong>orationes,</strong></span> <span class='ocrx_word' id='word_1_25' title='bbox 510 738 623 800; x_wconf 84' lang='lat' dir='ltr'><strong>gemitus</strong></span> <span class='ocrx_word' id='word_1_26' title='bbox 649 749 681 789; x_wconf 87' lang='lat' dir='ltr'><strong>ac</strong></span> <span class='ocrx_word' id='word_1_27' title='bbox 702 737 885 791; x_wconf 73' lang='lat' dir='ltr'><strong>iniustorum</strong></span> <span class='ocrx_word' id='word_1_28' title='bbox 902 740 957 792; x_wconf 87' lang='lat' dir='ltr'><strong>beo</strong></span> 
     </span>
     <span class='ocr_line' id='line_1_6' title="bbox 106 822 956 886; baseline -0.004 -7"><span class='ocrx_word' id='word_1_29' title='bbox 106 825 305 879; x_wconf 87' lang='lat' dir='ltr'><strong>communicat.</strong></span> <span class='ocrx_word' id='word_1_30' title='bbox 331 823 385 876; x_wconf 79' lang='lat' dir='ltr'><strong>lieo</strong></span> <span class='ocrx_word' id='word_1_31' title='bbox 402 822 430 876; x_wconf 90' lang='lat' dir='ltr'><strong>in</strong></span> <span class='ocrx_word' id='word_1_32' title='bbox 448 822 604 876; x_wconf 86' lang='lat' dir='ltr'><strong>bocsniicit</strong></span> <span class='ocrx_word' id='word_1_33' title='bbox 620 833 684 876; x_wconf 84' lang='lat' dir='ltr'><strong>vere</strong></span> <span class='ocrx_word' id='word_1_34' title='bbox 700 824 786 886; x_wconf 80' lang='lat' dir='ltr'><strong>largo,</strong></span> <span class='ocrx_word' id='word_1_35' title='bbox 805 823 857 876; x_wconf 89' lang='lat' dir='ltr'><strong>nisi</strong></span> <span class='ocrx_word' id='word_1_36' title='bbox 874 824 956 876; x_wconf 81' lang='lat' dir='ltr'><strong>etism</strong></span> 
     </span>
     <span class='ocr_line' id='line_1_7' title="bbox 105 907 957 972; baseline -0.005 -9"><span class='ocrx_word' id='word_1_37' title='bbox 105 924 136 963; x_wconf 85' lang='lat' dir='ltr'><strong>se</strong></span> <span class='ocrx_word' id='word_1_38' title='bbox 155 915 252 963; x_wconf 89' lang='lat' dir='ltr'><strong>totum</strong></span> <span class='ocrx_word' id='word_1_39' title='bbox 270 908 398 961; x_wconf 74' lang='lat' dir='ltr'><strong>evisceret</strong></span> <span class='ocrx_word' id='word_1_40' title='bbox 415 907 442 960; x_wconf 93' lang='lat' dir='ltr'><strong>in</strong></span> <span class='ocrx_word' id='word_1_41' title='bbox 460 908 557 972; x_wconf 82' lang='lat' dir='ltr'><strong>studio,</strong></span> <span class='ocrx_word' id='word_1_42' title='bbox 576 907 604 960; x_wconf 94' lang='lat' dir='ltr'><strong>in</strong></span> <span class='ocrx_word' id='word_1_43' title='bbox 621 907 855 971; x_wconf 78' lang='lat' dir='ltr'><strong>meditationibus,</strong></span> <span class='ocrx_word' id='word_1_44' title='bbox 882 913 911 961; x_wconf 85' lang='lat' dir='ltr'><strong>et</strong></span> <span class='ocrx_word' id='word_1_45' title='bbox 928 909 957 960; x_wconf 90' lang='lat' dir='ltr'><strong>in</strong></span> 
     </span>
     <span class='ocr_line' id='line_1_8' title="bbox 106 993 875 1057; baseline -0.003 -9"><span class='ocrx_word' id='word_1_46' title='bbox 106 996 216 1050; x_wconf 88' lang='lat' dir='ltr'><strong>sanctis</strong></span> <span class='ocrx_word' id='word_1_47' title='bbox 236 993 362 1056; x_wconf 74' lang='lat' dir='ltr'><strong>operibns</strong></span> <span class='ocrx_word' id='word_1_48' title='bbox 378 993 500 1046; x_wconf 85' lang='lat' dir='ltr'><strong>continue</strong></span> <span class='ocrx_word' id='word_1_49' title='bbox 518 1005 566 1057; x_wconf 88' lang='lat' dir='ltr'><strong>pro</strong></span> <span class='ocrx_word' id='word_1_50' title='bbox 583 995 670 1046; x_wconf 87' lang='lat' dir='ltr'><strong>salute</strong></span> <span class='ocrx_word' id='word_1_51' title='bbox 687 995 875 1057; x_wconf 76' lang='lat' dir='ltr'><strong>proximorum.</strong></span> 
     </span>
    </p>

    <p class='ocr_par' dir='ltr' id='par_1_3' title="bbox 107 1078 958 1660">
     <span class='ocr_line' id='line_1_9' title="bbox 181 1078 958 1144; baseline 0.001 -12"><span class='ocrx_word' id='word_1_52' title='bbox 181 1079 212 1132; x_wconf 78' lang='lat'><strong>2.</strong></span> <span class='ocrx_word' id='word_1_53' title='bbox 239 1079 276 1133; x_wconf 81' lang='lat' dir='ltr'><strong>lo</strong></span> <span class='ocrx_word' id='word_1_54' title='bbox 296 1080 362 1132; x_wconf 81' lang='lat' dir='ltr'><strong>banc</strong></span> <span class='ocrx_word' id='word_1_55' title='bbox 380 1078 528 1142; x_wconf 85' lang='lat' dir='ltr'><strong>largitatem</strong></span> <span class='ocrx_word' id='word_1_56' title='bbox 547 1079 671 1132; x_wconf 77' lang='lat' dir='ltr'><strong>inducere</strong></span> <span class='ocrx_word' id='word_1_57' title='bbox 688 1091 737 1132; x_wconf 81' lang='lat' dir='ltr'><strong>nos</strong></span> <span class='ocrx_word' id='word_1_58' title='bbox 758 1080 838 1132; x_wconf 84' lang='lat' dir='ltr'><strong>debet</strong></span> <span class='ocrx_word' id='word_1_59' title='bbox 854 1082 958 1144; x_wconf 82' lang='lat' dir='ltr'><strong>appeti·</strong></span> 
     </span>
     <span class='ocr_line' id='line_1_10' title="bbox 107 1163 956 1227; baseline -0.001 -7"><span class='ocrx_word' id='word_1_60' title='bbox 107 1173 152 1220; x_wconf 90' lang='lat' dir='ltr'><strong>tns</strong></span> <span class='ocrx_word' id='word_1_61' title='bbox 171 1163 452 1225; x_wconf 68' lang='lat' dir='ltr'><strong>commonitionum,</strong></span> <span class='ocrx_word' id='word_1_62' title='bbox 480 1163 525 1227; x_wconf 81' lang='lat' dir='ltr'><strong>qul</strong></span> <span class='ocrx_word' id='word_1_63' title='bbox 543 1169 596 1216; x_wconf 86' lang='lat' dir='ltr'><strong>tam</strong></span> <span class='ocrx_word' id='word_1_64' title='bbox 615 1164 739 1218; x_wconf 84' lang='lat' dir='ltr'><strong>continue</strong></span> <span class='ocrx_word' id='word_1_65' title='bbox 757 1164 804 1219; x_wconf 82' lang='lat' dir='ltr'><strong>dat</strong></span> <span class='ocrx_word' id='word_1_66' title='bbox 820 1178 868 1218; x_wconf 83' lang='lat' dir='ltr'><strong>suo</strong></span> <span class='ocrx_word' id='word_1_67' title='bbox 886 1167 956 1220; x_wconf 82' lang='lat' dir='ltr'><strong>tione</strong></span> 
     </span>
     <span class='ocr_line' id='line_1_11' title="bbox 108 1249 955 1320; baseline 0.001 -16"><span class='ocrx_word' id='word_1_68' title='bbox 108 1249 277 1315; x_wconf 81' lang='lat' dir='ltr'><strong>temporalia</strong></span> <span class='ocrx_word' id='word_1_69' title='bbox 291 1254 319 1301; x_wconf 91' lang='lat' dir='ltr'><strong>et</strong></span> <span class='ocrx_word' id='word_1_70' title='bbox 334 1249 483 1312; x_wconf 73' lang='lat' dir='ltr'><strong>spiritualia</strong></span> <span class='ocrx_word' id='word_1_71' title='bbox 495 1249 625 1312; x_wconf 80' lang='lat' dir='ltr'><strong>omnibus,</strong></span> <span class='ocrx_word' id='word_1_72' title='bbox 643 1249 723 1302; x_wconf 80' lang='lat' dir='ltr'><strong>etiem</strong></span> <span class='ocrx_word' id='word_1_73' title='bbox 734 1263 787 1303; x_wconf 93' lang='lat' dir='ltr'><strong>non</strong></span> <span class='ocrx_word' id='word_1_74' title='bbox 797 1252 955 1320; x_wconf 81' lang='lat' dir='ltr'><strong>petentibus,</strong></span> 
     </span>
     <span class='ocr_line' id='line_1_12' title="bbox 108 1335 956 1401; baseline 0 -11"><span class='ocrx_word' id='word_1_75' title='bbox 108 1343 138 1390; x_wconf 88' lang='lat' dir='ltr'><strong>et</strong></span> <span class='ocrx_word' id='word_1_76' title='bbox 155 1347 246 1401; x_wconf 89' lang='lat' dir='ltr'><strong>snper</strong></span> <span class='ocrx_word' id='word_1_77' title='bbox 262 1335 351 1388; x_wconf 82' lang='lat' dir='ltr'><strong>omnin</strong></span> <span class='ocrx_word' id='word_1_78' title='bbox 367 1337 433 1388; x_wconf 84' lang='lat' dir='ltr'><strong>bace</strong></span> <span class='ocrx_word' id='word_1_79' title='bbox 451 1347 556 1388; x_wconf 84' lang='lat' dir='ltr'><strong>carnem</strong></span> <span class='ocrx_word' id='word_1_80' title='bbox 575 1339 602 1386; x_wconf 90' lang='lat' dir='ltr'><strong>et</strong></span> <span class='ocrx_word' id='word_1_81' title='bbox 618 1336 772 1400; x_wconf 79' lang='lat' dir='ltr'><strong>sangninem</strong></span> <span class='ocrx_word' id='word_1_82' title='bbox 790 1337 956 1392; x_wconf 76' lang='lat' dir='ltr'><strong>dilectissimi</strong></span> 
     </span>
     <span class='ocr_line' id='line_1_13' title="bbox 109 1420 956 1480; baseline 0.005 -4"><span class='ocrx_word' id='word_1_83' title='bbox 109 1423 170 1477; x_wconf 79' lang='lat' dir='ltr'><strong>iiiii</strong></span> <span class='ocrx_word' id='word_1_84' title='bbox 201 1420 248 1474; x_wconf 87' lang='lat' dir='ltr'><strong>sui</strong></span> <span class='ocrx_word' id='word_1_85' title='bbox 273 1422 335 1474; x_wconf 84' lang='lat' dir='ltr'><strong>lesu</strong></span> <span class='ocrx_word' id='word_1_86' title='bbox 354 1421 457 1474; x_wconf 83' lang='lat' dir='ltr'><strong>coristi.</strong></span> <span class='ocrx_word' id='word_1_87' title='bbox 489 1422 542 1474; x_wconf 81' lang='lat' dir='ltr'><strong>lieo</strong></span> <span class='ocrx_word' id='word_1_88' title='bbox 571 1423 668 1476; x_wconf 85' lang='lat' dir='ltr'><strong>snilcit</strong></span> <span class='ocrx_word' id='word_1_89' title='bbox 694 1426 719 1478; x_wconf 85' lang='lat' dir='ltr'><strong>ei</strong></span> <span class='ocrx_word' id='word_1_90' title='bbox 737 1424 807 1478; x_wconf 84' lang='lat' dir='ltr'><strong>bone</strong></span> <span class='ocrx_word' id='word_1_91' title='bbox 824 1439 873 1480; x_wconf 83' lang='lat' dir='ltr'><strong>sua</strong></span> <span class='ocrx_word' id='word_1_92' title='bbox 890 1427 956 1480; x_wconf 82' lang='lat' dir='ltr'><strong>bore</strong></span> 
     </span>
     <span class='ocr_line' id='line_1_14' title="bbox 108 1507 955 1573; baseline 0.004 -12"><span class='ocrx_word' id='word_1_93' title='bbox 108 1507 295 1573; x_wconf 85' lang='lat' dir='ltr'><strong>simpliciter,</strong></span> <span class='ocrx_word' id='word_1_94' title='bbox 325 1507 377 1559; x_wconf 84' lang='lat' dir='ltr'><strong>nisi</strong></span> <span class='ocrx_word' id='word_1_95' title='bbox 402 1509 481 1562; x_wconf 88' lang='lat' dir='ltr'><strong>etiam</strong></span> <span class='ocrx_word' id='word_1_96' title='bbox 507 1510 622 1572; x_wconf 86' lang='lat' dir='ltr'><strong>seipsum</strong></span> <span class='ocrx_word' id='word_1_97' title='bbox 648 1510 706 1562; x_wconf 87' lang='lat' dir='ltr'><strong>sinc</strong></span> <span class='ocrx_word' id='word_1_98' title='bbox 723 1520 846 1566; x_wconf 82' lang='lat' dir='ltr'><strong>mensura</strong></span> <span class='ocrx_word' id='word_1_99' title='bbox 863 1513 909 1565; x_wconf 81' lang='lat' dir='ltr'><strong>bet</strong></span> <span class='ocrx_word' id='word_1_100' title='bbox 928 1513 955 1564; x_wconf 90' lang='lat' dir='ltr'><strong>in</strong></span> 
     </span>
     <span class='ocr_line' id='line_1_15' title="bbox 108 1593 335 1660; baseline -0.013 -12"><span class='ocrx_word' id='word_1_101' title='bbox 108 1594 232 1660; x_wconf 72' lang='lat' dir='ltr'><strong>singuiis</strong></span> <span class='ocrx_word' id='word_1_102' title='bbox 249 1593 335 1646; x_wconf 82' lang='lat' dir='ltr'><strong>donis.</strong></span> 
     </span>
    </p>

    <p class='ocr_par' dir='ltr' id='par_1_4' title="bbox 110 1676 956 2004">
     <span class='ocr_line' id='line_1_16' title="bbox 185 1676 955 1747; baseline -0.001 -13"><span class='ocrx_word' id='word_1_103' title='bbox 185 1679 363 1734; x_wconf 84' lang='lat' dir='ltr'><strong>commendat</strong></span> <span class='ocrx_word' id='word_1_104' title='bbox 380 1676 529 1743; x_wconf 80' lang='lat' dir='ltr'><strong>largitatem</strong></span> <span class='ocrx_word' id='word_1_105' title='bbox 546 1691 630 1744; x_wconf 83' lang='lat' dir='ltr'><strong>susm,</strong></span> <span class='ocrx_word' id='word_1_106' title='bbox 649 1681 719 1746; x_wconf 80' lang='lat' dir='ltr'><strong>quoti</strong></span> <span class='ocrx_word' id='word_1_107' title='bbox 730 1684 797 1736; x_wconf 89' lang='lat' dir='ltr'><strong>nulii</strong></span> <span class='ocrx_word' id='word_1_108' title='bbox 810 1688 889 1747; x_wconf 75' lang='lat' dir='ltr'><strong>negm</strong></span> <span class='ocrx_word' id='word_1_109' title='bbox 905 1695 955 1734; x_wconf 78' lang='lat' dir='ltr'><strong>sua</strong></span> 
     </span>
     <span class='ocr_line' id='line_1_17' title="bbox 111 1765 956 1832; baseline 0 -12"><span class='ocrx_word' id='word_1_110' title='bbox 111 1767 192 1828; x_wconf 79' lang='lat' dir='ltr'><strong>donn.</strong></span> <span class='ocrx_word' id='word_1_111' title='bbox 216 1767 447 1830; x_wconf 81' lang='lat' dir='ltr'><strong>quantumcunque</strong></span> <span class='ocrx_word' id='word_1_112' title='bbox 464 1765 516 1818; x_wconf 86' lang='lat' dir='ltr'><strong>sibi</strong></span> <span class='ocrx_word' id='word_1_113' title='bbox 534 1766 695 1820; x_wconf 79' lang='lat' dir='ltr'><strong>novercatur.</strong></span> <span class='ocrx_word' id='word_1_114' title='bbox 727 1769 782 1820; x_wconf 88' lang='lat' dir='ltr'><strong>imo</strong></span> <span class='ocrx_word' id='word_1_115' title='bbox 808 1768 909 1832; x_wconf 85' lang='lat' dir='ltr'><strong>pluries</strong></span> <span class='ocrx_word' id='word_1_116' title='bbox 927 1767 956 1820; x_wconf 89' lang='lat' dir='ltr'><strong>ln</strong></span> 
     </span>
     <span class='ocr_line' id='line_1_18' title="bbox 110 1850 956 1922; baseline 0.002 -18"><span class='ocrx_word' id='word_1_117' title='bbox 110 1852 155 1906; x_wconf 84' lang='lat' dir='ltr'><strong>uie</strong></span> <span class='ocrx_word' id='word_1_118' title='bbox 174 1856 206 1905; x_wconf 86' lang='lat' dir='ltr'><strong>et</strong></span> <span class='ocrx_word' id='word_1_119' title='bbox 224 1850 252 1904; x_wconf 91' lang='lat' dir='ltr'><strong>in</strong></span> <span class='ocrx_word' id='word_1_120' title='bbox 271 1853 348 1904; x_wconf 87' lang='lat' dir='ltr'><strong>nocte</strong></span> <span class='ocrx_word' id='word_1_121' title='bbox 366 1850 433 1904; x_wconf 84' lang='lat' dir='ltr'><strong>dona</strong></span> <span class='ocrx_word' id='word_1_122' title='bbox 451 1861 499 1903; x_wconf 87' lang='lat' dir='ltr'><strong>sua</strong></span> <span class='ocrx_word' id='word_1_123' title='bbox 517 1853 627 1922; x_wconf 81' lang='lat' dir='ltr'><strong>cuilibet</strong></span> <span class='ocrx_word' id='word_1_124' title='bbox 643 1854 787 1918; x_wconf 73' lang='lat' dir='ltr'><strong>elargitur,</strong></span> <span class='ocrx_word' id='word_1_125' title='bbox 815 1854 956 1918; x_wconf 79' lang='lat' dir='ltr'><strong>quantom-</strong></span> 
     </span>
     <span class='ocr_line' id='line_1_19' title="bbox 112 1937 579 2004; baseline -0.006 -11"><span class='ocrx_word' id='word_1_126' title='bbox 112 1948 259 2004; x_wconf 79' lang='lat' dir='ltr'><strong>munuca</strong></span> <span class='ocrx_word' id='word_1_127' title='bbox 277 1947 405 2002; x_wconf 79' lang='lat' dir='ltr'><strong>quoquam</strong></span> <span class='ocrx_word' id='word_1_128' title='bbox 424 1937 579 1990; x_wconf 72' lang='lat' dir='ltr'><strong>offendatur.</strong></span> 
     </span>
    </p>

    <p class='ocr_par' dir='ltr' id='par_1_5' title="bbox 111 2021 957 2605">
     <span class='ocr_line' id='line_1_20' title="bbox 184 2021 957 2088; baseline -0.006 -10"><span class='ocrx_word' id='word_1_129' title='bbox 184 2023 323 2088; x_wconf 79' lang='lat' dir='ltr'><strong>Approbct</strong></span> <span class='ocrx_word' id='word_1_130' title='bbox 339 2021 367 2074; x_wconf 91' lang='lat' dir='ltr'><strong>ln</strong></span> <span class='ocrx_word' id='word_1_131' title='bbox 386 2025 434 2076; x_wconf 91' lang='lat' dir='ltr'><strong>boo</strong></span> <span class='ocrx_word' id='word_1_132' title='bbox 453 2024 712 2087; x_wconf 67' lang='lat' dir='ltr'><strong>bargiserenam,</strong></span> <span class='ocrx_word' id='word_1_133' title='bbox 733 2022 819 2088; x_wconf 82' lang='lat' dir='ltr'><strong>quob,</strong></span> <span class='ocrx_word' id='word_1_134' title='bbox 839 2021 957 2086; x_wconf 80' lang='lat' dir='ltr'><strong>quando·</strong></span> 
     </span>
     <span class='ocr_line' id='line_1_21' title="bbox 112 2108 954 2177; baseline -0.004 -12"><span class='ocrx_word' id='word_1_135' title='bbox 112 2121 224 2177; x_wconf 82' lang='lat' dir='ltr'><strong>cunuuc</strong></span> <span class='ocrx_word' id='word_1_136' title='bbox 251 2108 352 2162; x_wconf 80' lang='lat' dir='ltr'><strong>invenit</strong></span> <span class='ocrx_word' id='word_1_137' title='bbox 381 2109 603 2174; x_wconf 89' lang='lat' dir='ltr'><strong>opportunitatem</strong></span> <span class='ocrx_word' id='word_1_138' title='bbox 620 2110 736 2174; x_wconf 78' lang='lat' dir='ltr'><strong>aliquam</strong></span> <span class='ocrx_word' id='word_1_139' title='bbox 754 2110 782 2162; x_wconf 93' lang='lat' dir='ltr'><strong>in</strong></span> <span class='ocrx_word' id='word_1_140' title='bbox 799 2108 954 2173; x_wconf 86' lang='lat' dir='ltr'><strong>recipiente,</strong></span> 
     </span>
     <span class='ocr_line' id='line_1_22' title="bbox 111 2193 955 2261; baseline -0.001 -11"><span class='ocrx_word' id='word_1_141' title='bbox 111 2197 206 2252; x_wconf 75' lang='lat' dir='ltr'><strong>sinum</strong></span> <span class='ocrx_word' id='word_1_142' title='bbox 224 2193 259 2248; x_wconf 84' lang='lat' dir='ltr'><strong>ab</strong></span> <span class='ocrx_word' id='word_1_143' title='bbox 276 2195 418 2248; x_wconf 79' lang='lat' dir='ltr'><strong>effluxione</strong></span> <span class='ocrx_word' id='word_1_144' title='bbox 447 2194 626 2259; x_wconf 85' lang='lat' dir='ltr'><strong>spiritualium</strong></span> <span class='ocrx_word' id='word_1_145' title='bbox 644 2196 771 2248; x_wconf 82' lang='lat' dir='ltr'><strong>donorum</strong></span> <span class='ocrx_word' id='word_1_146' title='bbox 788 2207 955 2261; x_wconf 76' lang='lat' dir='ltr'><strong>nequaquam</strong></span> 
     </span>
     <span class='ocr_line' id='line_1_23' title="bbox 111 2267 956 2349; baseline -0.002 -13"><span class='ocrx_word' id='word_1_147' title='bbox 111 2295 142 2336; x_wconf 88' lang='lat' dir='ltr'><strong>se</strong></span> <span class='ocrx_word' id='word_1_148' title='bbox 159 2283 254 2349; x_wconf 86' lang='lat' dir='ltr'><strong>potest</strong></span> <span class='ocrx_word' id='word_1_149' title='bbox 270 2281 417 2344; x_wconf 79' lang='lat' dir='ltr'><strong>continere3</strong></span> <span class='ocrx_word' id='word_1_150' title='bbox 436 2281 501 2333; x_wconf 87' lang='lat' dir='ltr'><strong>licet</strong></span> <span class='ocrx_word' id='word_1_151' title='bbox 517 2293 551 2333; x_wconf 82' lang='lat' dir='ltr'><strong>ex</strong></span> <span class='ocrx_word' id='word_1_152' title='bbox 568 2281 699 2344; x_wconf 85' lang='lat' dir='ltr'><strong>sapientia</strong></span> <span class='ocrx_word' id='word_1_153' title='bbox 723 2281 812 2335; x_wconf 78' lang='lat' dir='ltr'><strong>birine</strong></span> <span class='ocrx_word' id='word_1_154' title='bbox 829 2267 956 2346; x_wconf 60' lang='lat' dir='ltr'><strong>praenosss</strong></span> 
     </span>
     <span class='ocr_line' id='line_1_24' title="bbox 112 2366 957 2435; baseline -0.004 -12"><span class='ocrx_word' id='word_1_155' title='bbox 112 2374 166 2434; x_wconf 86' lang='lat' dir='ltr'><strong>cat,</strong></span> <span class='ocrx_word' id='word_1_156' title='bbox 188 2367 261 2435; x_wconf 81' lang='lat' dir='ltr'><strong>quoti</strong></span> <span class='ocrx_word' id='word_1_157' title='bbox 279 2366 408 2430; x_wconf 86' lang='lat' dir='ltr'><strong>recipiens</strong></span> <span class='ocrx_word' id='word_1_158' title='bbox 426 2367 473 2420; x_wconf 86' lang='lat' dir='ltr'><strong>illo</strong></span> <span class='ocrx_word' id='word_1_159' title='bbox 492 2367 561 2419; x_wconf 83' lang='lat' dir='ltr'><strong>bona</strong></span> <span class='ocrx_word' id='word_1_160' title='bbox 579 2367 607 2418; x_wconf 89' lang='lat' dir='ltr'><strong>in</strong></span> <span class='ocrx_word' id='word_1_161' title='bbox 624 2367 745 2430; x_wconf 84' lang='lat' dir='ltr'><strong>proximo</strong></span> <span class='ocrx_word' id='word_1_162' title='bbox 766 2368 862 2420; x_wconf 83' lang='lat' dir='ltr'><strong>tabent</strong></span> <span class='ocrx_word' id='word_1_163' title='bbox 879 2369 957 2420; x_wconf 88' lang='lat' dir='ltr'><strong>amit·</strong></span> 
     </span>
     <span class='ocr_line' id='line_1_25' title="bbox 113 2452 956 2518; baseline -0.001 -10"><span class='ocrx_word' id='word_1_164' title='bbox 113 2459 182 2518; x_wconf 82' lang='lat' dir='ltr'><strong>tere,</strong></span> <span class='ocrx_word' id='word_1_165' title='bbox 204 2454 250 2507; x_wconf 81' lang='lat' dir='ltr'><strong>vel</strong></span> <span class='ocrx_word' id='word_1_166' title='bbox 268 2464 300 2505; x_wconf 87' lang='lat' dir='ltr'><strong>ea</strong></span> <span class='ocrx_word' id='word_1_167' title='bbox 317 2453 441 2506; x_wconf 86' lang='lat' dir='ltr'><strong>continno</strong></span> <span class='ocrx_word' id='word_1_168' title='bbox 460 2452 614 2515; x_wconf 85' lang='lat' dir='ltr'><strong>deturbare,</strong></span> <span class='ocrx_word' id='word_1_169' title='bbox 634 2455 677 2506; x_wconf 79' lang='lat' dir='ltr'><strong>uel</strong></span> <span class='ocrx_word' id='word_1_170' title='bbox 694 2454 778 2517; x_wconf 85' lang='lat' dir='ltr'><strong>ipsum</strong></span> <span class='ocrx_word' id='word_1_171' title='bbox 797 2466 845 2518; x_wconf 87' lang='lat' dir='ltr'><strong>per</strong></span> <span class='ocrx_word' id='word_1_172' title='bbox 861 2455 956 2507; x_wconf 81' lang='lat' dir='ltr'><strong>eadem</strong></span> 
     </span>
     <span class='ocr_line' id='line_1_26' title="bbox 113 2540 283 2605; baseline -0.012 -13"><span class='ocrx_word' id='word_1_173' title='bbox 113 2540 283 2605; x_wconf 82' lang='lat' dir='ltr'><strong>impugnare.</strong></span> 
     </span>
    </p>

    <p class='ocr_par' dir='ltr' id='par_1_6' title="bbox 114 2623 956 3108">
     <span class='ocr_line' id='line_1_27' title="bbox 188 2623 955 2690; baseline 0.003 -12"><span class='ocrx_word' id='word_1_174' title='bbox 188 2625 227 2680; x_wconf 80' lang='lat' dir='ltr'><strong>Ab</strong></span> <span class='ocrx_word' id='word_1_175' title='bbox 254 2623 324 2676; x_wconf 86' lang='lat' dir='ltr'><strong>idem</strong></span> <span class='ocrx_word' id='word_1_176' title='bbox 352 2624 475 2676; x_wconf 81' lang='lat' dir='ltr'><strong>inducere</strong></span> <span class='ocrx_word' id='word_1_177' title='bbox 498 2637 546 2677; x_wconf 90' lang='lat' dir='ltr'><strong>nos</strong></span> <span class='ocrx_word' id='word_1_178' title='bbox 564 2623 660 2688; x_wconf 80' lang='lat' dir='ltr'><strong>debet,</strong></span> <span class='ocrx_word' id='word_1_179' title='bbox 691 2625 760 2689; x_wconf 80' lang='lat' dir='ltr'><strong>ouon</strong></span> <span class='ocrx_word' id='word_1_180' title='bbox 777 2626 864 2679; x_wconf 87' lang='lat' dir='ltr'><strong>aliena</strong></span> <span class='ocrx_word' id='word_1_181' title='bbox 882 2631 955 2690; x_wconf 85' lang='lat' dir='ltr'><strong>sunt,</strong></span> 
     </span>
     <span class='ocr_line' id='line_1_28' title="bbox 115 2709 955 2779; baseline 0.002 -15"><span class='ocrx_word' id='word_1_182' title='bbox 115 2723 186 2776; x_wconf 78' lang='lat' dir='ltr'><strong>quae</strong></span> <span class='ocrx_word' id='word_1_183' title='bbox 203 2711 308 2763; x_wconf 81' lang='lat' dir='ltr'><strong>namus.</strong></span> <span class='ocrx_word' id='word_1_184' title='bbox 339 2711 369 2764; x_wconf 82' lang='lat' dir='ltr'><strong>ut</strong></span> <span class='ocrx_word' id='word_1_185' title='bbox 386 2709 555 2773; x_wconf 81' lang='lat' dir='ltr'><strong>proverbium</strong></span> <span class='ocrx_word' id='word_1_186' title='bbox 573 2714 631 2773; x_wconf 78' lang='lat' dir='ltr'><strong>est,</strong></span> <span class='ocrx_word' id='word_1_187' title='bbox 649 2709 719 2774; x_wconf 71' lang='lat' dir='ltr'><strong>ononi</strong></span> <span class='ocrx_word' id='word_1_188' title='bbox 736 2712 806 2764; x_wconf 84' lang='lat' dir='ltr'><strong>latae</strong></span> <span class='ocrx_word' id='word_1_189' title='bbox 823 2712 955 2779; x_wconf 77' lang='lat' dir='ltr'><strong>corrigiae</strong></span> 
     </span>
     <span class='ocr_line' id='line_1_29' title="bbox 114 2795 955 2861; baseline -0.002 -10"><span class='ocrx_word' id='word_1_190' title='bbox 114 2796 274 2851; x_wconf 81' lang='lat' dir='ltr'><strong>scindantur</strong></span> <span class='ocrx_word' id='word_1_191' title='bbox 290 2807 325 2848; x_wconf 83' lang='lat' dir='ltr'><strong>cx</strong></span> <span class='ocrx_word' id='word_1_192' title='bbox 342 2795 456 2858; x_wconf 82' lang='lat' dir='ltr'><strong>pellibus</strong></span> <span class='ocrx_word' id='word_1_193' title='bbox 474 2795 578 2848; x_wconf 83' lang='lat' dir='ltr'><strong>alienis.</strong></span> <span class='ocrx_word' id='word_1_194' title='bbox 603 2795 676 2848; x_wconf 75' lang='lat' dir='ltr'><strong>uncle</strong></span> <span class='ocrx_word' id='word_1_195' title='bbox 693 2797 722 2849; x_wconf 87' lang='lat' dir='ltr'><strong>b.</strong></span> <span class='ocrx_word' id='word_1_196' title='bbox 743 2797 955 2861; x_wconf 75' lang='lat' dir='ltr'><strong>chrysostomos:</strong></span> 
     </span>
     <span class='ocr_line' id='line_1_30' title="bbox 115 2881 955 2946; baseline -0.002 -10"><span class='ocrx_word' id='word_1_197' title='bbox 115 2882 188 2946; x_wconf 83' lang='lat' dir='ltr'><strong>bpns</strong></span> <span class='ocrx_word' id='word_1_198' title='bbox 215 2885 258 2934; x_wconf 82' lang='lat' dir='ltr'><strong>est</strong></span> <span class='ocrx_word' id='word_1_199' title='bbox 283 2881 354 2934; x_wconf 88' lang='lat' dir='ltr'><strong>enim</strong></span> <span class='ocrx_word' id='word_1_200' title='bbox 373 2881 468 2945; x_wconf 85' lang='lat' dir='ltr'><strong>etium,</strong></span> <span class='ocrx_word' id='word_1_201' title='bbox 496 2881 528 2934; x_wconf 83' lang='lat' dir='ltr'><strong>ue</strong></span> <span class='ocrx_word' id='word_1_202' title='bbox 546 2885 591 2934; x_wconf 91' lang='lat' dir='ltr'><strong>tuo</strong></span> <span class='ocrx_word' id='word_1_203' title='bbox 609 2893 662 2934; x_wconf 87' lang='lat' dir='ltr'><strong>non</strong></span> <span class='ocrx_word' id='word_1_204' title='bbox 680 2883 734 2934; x_wconf 88' lang='lat' dir='ltr'><strong>tam</strong></span> <span class='ocrx_word' id='word_1_205' title='bbox 751 2895 860 2945; x_wconf 85' lang='lat' dir='ltr'><strong>parcum</strong></span> <span class='ocrx_word' id='word_1_206' title='bbox 878 2895 955 2946; x_wconf 78' lang='lat' dir='ltr'><strong>cssc3</strong></span> 
     </span>
     <span class='ocr_line' id='line_1_31' title="bbox 116 2967 956 3031; baseline -0.004 -10"><span class='ocrx_word' id='word_1_207' title='bbox 116 2969 164 3021; x_wconf 82' lang='lat' dir='ltr'><strong>scu</strong></span> <span class='ocrx_word' id='word_1_208' title='bbox 181 2979 243 3022; x_wconf 85' lang='lat' dir='ltr'><strong>cnm</strong></span> <span class='ocrx_word' id='word_1_209' title='bbox 261 2967 365 3021; x_wconf 88' lang='lat' dir='ltr'><strong>bomini</strong></span> <span class='ocrx_word' id='word_1_210' title='bbox 381 2968 430 3022; x_wconf 90' lang='lat' dir='ltr'><strong>tibi</strong></span> <span class='ocrx_word' id='word_1_211' title='bbox 448 2967 563 3022; x_wconf 82' lang='lat' dir='ltr'><strong>melitae</strong></span> <span class='ocrx_word' id='word_1_212' title='bbox 580 2969 634 3021; x_wconf 88' lang='lat' dir='ltr'><strong>sint</strong></span> <span class='ocrx_word' id='word_1_213' title='bbox 651 2969 807 3031; x_wconf 75' lang='lat' dir='ltr'><strong>bonitates,</strong></span> <span class='ocrx_word' id='word_1_214' title='bbox 836 2979 885 3020; x_wconf 87' lang='lat' dir='ltr'><strong>cnr</strong></span> <span class='ocrx_word' id='word_1_215' title='bbox 901 2968 956 3018; x_wconf 82' lang='lat' dir='ltr'><strong>tom</strong></span> 
     </span>
     <span class='ocr_line' id='line_1_32' title="bbox 116 3055 264 3108; baseline -0.02 0"><span class='ocrx_word' id='word_1_216' title='bbox 116 3058 199 3108; x_wconf 79' lang='lat' dir='ltr'><strong>tenax</strong></span> <span class='ocrx_word' id='word_1_217' title='bbox 218 3055 264 3107; x_wconf 83' lang='lat' dir='ltr'><strong>esi</strong></span> 
     </span>
    </p>

    <p class='ocr_par' dir='ltr' id='par_1_7' title="bbox 187 3131 955 3203">
     <span class='ocr_line' id='line_1_33' title="bbox 187 3131 955 3203; baseline -0.01 -13"><span class='ocrx_word' id='word_1_218' title='bbox 187 3136 215 3191; x_wconf 79' lang='lat'><strong>3.</strong></span> <span class='ocrx_word' id='word_1_219' title='bbox 235 3141 422 3203; x_wconf 78' lang='lat' dir='ltr'><strong>Argumentum</strong></span> <span class='ocrx_word' id='word_1_220' title='bbox 450 3152 528 3192; x_wconf 82' lang='lat' dir='ltr'><strong>uerae</strong></span> <span class='ocrx_word' id='word_1_221' title='bbox 546 3139 751 3203; x_wconf 68' lang='lat' dir='ltr'><strong>largitatum,</strong></span> <span class='ocrx_word' id='word_1_222' title='bbox 780 3146 839 3185; x_wconf 87' lang='lat' dir='ltr'><strong>cum</strong></span> <span class='ocrx_word' id='word_1_223' title='bbox 858 3131 955 3192; x_wconf 81' lang='lat' dir='ltr'><strong>aliquis</strong></span> 
     </span>
    </p>
   </div>
   <div class='ocr_carea' id='block_1_3' title="bbox 0 0 1207 3759">
    <p class='ocr_par' dir='ltr' id='par_1_8' title="bbox 0 0 1207 3759">
     <span class='ocr_line' id='line_1_34' title="bbox 0 0 1207 3759; baseline 0 0"><span class='ocrx_word' id='word_1_224' title='bbox 0 0 1207 3759; x_wconf 95' lang='lat' dir='ltr'><strong> </strong></span> 
     </span>
    </p>
   </div>
  </div>
 </body>
</html>
