2384 3759
639 312 676 367 ts

238 455 285 506 tat
313 466 362 506 sua
392 452 572 518 indigentibus
589 452 727 513 hilariter,
758 453 815 504 siue
831 449 934 502 meritis
952 448 1082 512 alieuius,

238 541 330 604 mus,
350 542 378 590 et
393 539 452 590 siue
469 551 516 602 spe
538 533 798 601 recompensationis.
828 535 872 587 Sio
898 533 976 586 dedit
991 536 1083 586 Domi·

237 638 290 678 nus
316 627 391 678 iesus
417 628 444 678 et
466 636 495 676 se
514 627 540 676 et
557 636 606 675 sua
623 624 721 676 omnia.
751 623 785 674 iit
799 622 849 673 noo
865 619 1002 672 maximae
1021 632 1081 683 per·

238 711 363 764 tottionis
381 715 431 762 est.
463 710 516 762 Neo
542 709 640 761 suffieit
659 721 721 762 uere
740 711 827 770 largo,
845 719 893 758 sua
911 707 996 768 (iare,
1027 706 1081 758 imo

239 796 319 848 etiam
349 808 397 860 pro
431 797 519 848 salute
552 795 729 858 proximorum
762 799 880 856 tempore
907 791 1082 844 necessitatis

239 895 322 947 usque
352 882 386 934 ad
414 885 525 934 mortem
556 879 665 932 exhibet
691 881 870 943 semetipsum,
899 879 972 930 siem
1000 878 1081 931 docet

238 968 267 1020 Β.
287 968 411 1030 ioannes,
431 965 536 1018 dicens:
556 966 586 1017 in
604 967 654 1016 noe
665 965 834 1028 eognovimus
850 964 1012 1022 onamtatem
1022 965 1079 1027 uei,

239 1054 365 1118 qnoniam
390 1053 438 1104 iiie
464 1051 579 1104 animam
605 1062 681 1102 suam
702 1062 750 1115 pro
767 1049 844 1102 nobis
859 1049 963 1112 posuit:
985 1053 1016 1101 et
1033 1061 1081 1101 uos

239 1139 368 1190 dehemus
383 1147 432 1201 pro
449 1135 574 1188 fratibus
592 1135 694 1188 animas
710 1146 817 1198 ponere.
837 1133 875 1197 (1.
895 1135 959 1186 lot.
980 1129 1080 1199 3,16.)

310 1221 349 1274 Ad
376 1222 427 1274 noo
456 1225 544 1273 minen
573 1222 657 1284 magis
679 1221 831 1284 obligantur
846 1220 971 1272 Praelati.
1006 1221 1081 1272 ilaue

241 1307 393 1370 inpioten
411 1305 503 1359 notuit
518 1309 668 1371 Apostolus,
686 1307 795 1359 tieem:
812 1307 865 1368 Ego
882 1308 972 1356 auum
991 1305 1078 1358 linen-

241 1392 344 1444 tissime
369 1393 538 1456 impendam,
557 1396 585 1446 et
601 1392 820 1456 superimpendar
835 1393 893 1455 ipse
908 1401 959 1454 pro
976 1392 1079 1443 anima-
1104 1406 1105 1431 i

240 1477 291 1528 uns
309 1477 413 1530 vestris.
433 1476 483 1542 (11.
507 1480 567 1530 cor.
587 1475 630 1541 12,
651 1474 704 1542 15.)
734 1478 805 1530 tuem
823 1487 925 1541 quoque
944 1475 986 1528 ait
997 1476 1078 1530 alibi:
1104 1490 1105 1497 ¹

241 1561 363 1624 Quotidie
391 1564 489 1616 morior
517 1568 625 1627 propter
658 1565 772 1617 vestrm
804 1562 932 1625 gloriam,
970 1561 1078 1625 mtres,

241 1643 281 1709 (i.
295 1647 361 1700 eor.
382 1642 426 1711 15,
444 1643 501 1712 31.)
528 1647 554 1698 id
573 1651 629 1711 est,
648 1647 766 1710 pericula
781 1646 872 1698 mortis
888 1646 982 1699 snoeo.
1015 1647 1079 1702 Vere

241 1732 333 1794 tarsus
361 1731 420 1784 sine
445 1742 492 1794 spe
520 1731 770 1794 recompensationis
791 1732 838 1784 siat
853 1733 963 1784 iiomino
983 1737 1076 1798 totum,

241 1816 312 1882 quot
329 1820 388 1880 est,
418 1815 487 1881 quod
505 1816 602 1880 nabet,
633 1819 660 1868 et
677 1817 746 1881 quod
763 1819 860 1880 potest,
889 1816 923 1868 ad
941 1820 1076 1871 aeternam

241 1901 350 1955 divinae
378 1902 466 1955 laudis
494 1903 751 1966 augmentationem,
782 1903 892 1966 singuiis
921 1905 1034 1967 augetis
1052 1908 1078 1957 et

241 1989 347 2042 sanetis
364 1987 398 2040 ad
414 1991 567 2053 perpetuam
585 1988 789 2052 exultationem
809 1988 920 2052 singuiis
932 1993 1075 2052 peceatum

242 2075 293 2128 uos
323 2074 355 2126 at
382 2075 596 2139 conversionem
623 2073 736 2137 singulis
758 2074 838 2138 justis
856 2079 883 2127 et
899 2076 1029 2138 perieetis
1046 2077 1075 2130 ai

242 2161 411 2224 peneetionis
428 2162 654 2216 conservationem
666 2166 694 2215 et
710 2161 948 2226 confirmationem
966 2163 1076 2226 singuiis

242 2245 387 2308 purgandis
405 2247 439 2298 aa
455 2259 601 2310 poenarum
609 2247 799 2311 mitigationem
809 2254 836 2300 et
844 2245 1074 2301 abbreviationem.

313 2328 340 2384 4.
359 2335 546 2397 Argumentum
563 2336 649 2388 falsae
671 2333 801 2398 targitatis
819 2336 877 2397 est,
904 2343 966 2384 eum
984 2333 1075 2399 aliquis

244 2415 291 2482 tat
307 2429 365 2470 sua.
385 2423 416 2472 ut
432 2421 555 2474 laudetur
572 2421 605 2474 ab
623 2421 701 2483 aitis,
728 2432 763 2473 ne
779 2419 842 2473 aliis
859 2417 985 2472 dantibus
1002 2420 1076 2472 vilior

243 2505 401 2567 reputetur,
430 2505 472 2557 vei
504 2507 535 2558 ut
552 2518 568 2558 a
586 2507 701 2560 elamore
718 2516 863 2570 ponpeium
881 2505 1021 2562 liberetur:
1052 2508 1076 2558 et

243 2593 307 2640 tuno
323 2598 379 2640 rem
397 2590 425 2640 et
441 2591 562 2644 meritum
579 2592 678 2656 perdit.

312 2674 379 2726 ltem
397 2673 465 2726 saise
483 2675 572 2738 imptis
590 2683 639 2739 est,
659 2676 703 2751 qui
721 2675 768 2728 tat
783 2686 831 2726 sun
848 2676 1074 2740 proptereoaetio

246 2770 317 2823 nem,
332 2759 382 2829 uei
399 2759 515 2823 aliquem
533 2761 665 2825 savorem
692 2763 736 2814 vei
762 2763 870 2825 propter
885 2772 961 2825 spem
978 2763 1074 2826 gratiae

244 2845 271 2898 in
290 2847 433 2910 praesenti,
453 2849 480 2900 et
491 2846 590 2910 gloriae
608 2849 636 2900 in
647 2847 752 2911 tuturo3
771 2848 816 2900 vei
834 2849 941 2912 propter
958 2847 1073 2901 timorem

240 2932 349 2996 iudicis,
369 2932 414 2996 qui
433 2931 496 2985 dare
513 2931 659 2995 praecipit,
690 2935 764 2999 antus
781 2933 914 2998 praeeepti
931 2935 1073 2999 manem

244 3019 348 3072 sionem
367 3029 420 3070 non
438 3016 562 3068 transiret
578 3016 694 3080 impune.

589 3157 743 3171 *-
