2384 3759
462 773 620 848 CAPUT
642 775 669 842 i.

361 915 409 971 lle
427 914 581 1003 charitate
599 915 640 970 ad
658 915 773 971 naun.

214 1090 241 1144 1.
263 1057 394 1148 Claritas
413 1091 444 1142 ad
458 1091 538 1144 ileum
552 1103 614 1144 uera
631 1096 658 1144 et
674 1091 791 1155 perlecta
809 1093 857 1153 est,
877 1091 981 1156 quanda

141 1179 233 1232 aniona
262 1190 321 1230 oum
351 1177 471 1230 omnibus
489 1177 589 1230 uiribus
608 1177 662 1228 suls
680 1178 804 1230 ardenter
819 1188 848 1228 se
866 1175 981 1232 lnlondtt

141 1267 214 1328 Deo,
242 1264 346 1316 nullum
374 1263 535 1314 commodum
555 1263 753 1325 transitorium,
781 1264 824 1315 uel
843 1265 979 1316 aeternum

140 1360 273 1416 quaerens
300 1347 328 1400 ln
352 1359 401 1411 eo;
430 1347 475 1399 sed
502 1347 666 1401 solummodo
695 1353 803 1412 oronter
824 1349 977 1413 ltoniutem,

140 1435 321 1495 sanctitatem,
340 1431 526 1496 perlectionem
539 1435 616 1496 atque
628 1432 817 1487 beatitudinem
834 1435 886 1488 silit
904 1437 979 1488 inna-

141 1525 195 1574 tam
215 1518 332 1572 aldaitur
349 1518 417 1570 eirea
435 1519 524 1570 Deum.
563 1518 679 1570 lleilaata
708 1521 779 1572 enlm
798 1524 886 1574 anima
904 1521 981 1587 quasi

142 1605 313 1660 abominatur
338 1615 386 1666 ner
412 1602 517 1654 modum
545 1604 674 1656 commodi
700 1606 743 1658 uel
762 1607 872 1670 praemit
891 1617 981 1659 amare

141 1694 238 1756 ileum,
260 1691 329 1742 sieut
343 1689 410 1742 Deus
428 1701 486 1742 oum
506 1689 577 1750 omni
595 1701 644 1742 aua
662 1691 759 1743 virtute
776 1693 879 1744 animae
897 1691 981 1744 uomi-

142 1778 182 1830 nis
200 1789 231 1829 se
251 1774 381 1838 infundit,
400 1775 467 1826 nihil
486 1785 599 1839 unquam
618 1775 740 1832 utilitatis
759 1777 791 1826 alr
811 1789 843 1827 ea
860 1785 979 1839 onerans,

141 1863 188 1916 sed
223 1862 372 1914 naturalem
409 1873 484 1914 suam
513 1859 703 1914 beadtudinem
733 1861 759 1912 el
790 1860 981 1913 eommunioare

142 1949 307 2002 desiderans.
346 1947 392 2009 Qut
412 1951 498 2000 autem
518 1946 604 2010 diligit
620 1946 720 2008 ileum,
750 1945 811 2008 qnia
829 1943 982 1997 sialitanus

142 2039 195 2100 est;
218 2038 246 2086 et
263 2036 371 2097 propter
388 2035 436 2086 lioo
455 2033 645 2096 principaliter,
674 2030 772 2083 ursini
791 2029 981 2083 beadtudloem

140 2133 216 2174 suam
231 2119 413 2182 eommunicet,
433 2119 581 2172 naturalem
594 2123 621 2171 et
633 2117 813 2182 imperfectam
826 2117 981 2170 claritatem

141 2207 246 2259 habere
264 2205 435 2257 conuincitur.

213 2288 241 2342 2.
274 2291 437 2343 inductivum
468 2301 546 2342 verae
575 2289 711 2342 olrantmis
740 2294 781 2342 est
810 2289 909 2353 asnide
934 2289 980 2342 liei

142 2390 216 2432 vera.
254 2377 319 2430 liam
338 2377 364 2428 in
383 2377 440 2440 inso
458 2377 567 2428 matoria
586 2377 665 2428 totlrn
683 2375 833 2429 dilectionis
851 2376 980 2438 consistit,

142 2463 264 2516 seilicet:
284 2463 417 2524 nobilitas,
437 2462 572 2525 sanctitas,
592 2462 719 2525 potentia,
734 2462 874 2527 sapientia,
888 2461 981 2526 oanis·

142 2549 224 2612 ultas,
245 2549 423 2612 nolaoritudo,
443 2548 608 2617 providentia
627 2551 676 2601 ete.
714 2549 780 2602 item
807 2548 916 2602 dileetio
932 2548 981 2601 liei

142 2635 177 2688 ad
196 2646 247 2688 nos
266 2640 382 2698 aeterna,
403 2635 548 2697 immensa,
571 2645 631 2687 non
650 2634 819 2697 interpolata,
839 2637 867 2686 et
882 2633 983 2686 tidelis-¹

142 2721 222 2783 sima,
242 2719 377 2773 inductiva
395 2723 435 2774 est
453 2732 530 2774 verae
549 2721 692 2773 eharitatis.

215 2801 241 2858 3.
262 2808 448 2876 argumentum
467 2817 545 2859 uerae
563 2806 699 2859 claritatis
721 2806 795 2873 ponit
812 2805 936 2858 Dominus
954 2805 982 2858 in

142 2893 254 2952 Joanne,
276 2891 379 2949 dicens:
400 2892 446 2954 Qui
466 2892 544 2944 nabet
560 2891 684 2944 mandata
701 2903 771 2946 mea.
789 2897 816 2942 et
832 2893 920 2942 serrat
937 2899 980 2950 ea,

143 2977 324 3042 iliensium
344 2978 431 3042 diligit
448 2989 499 3030 me.
520 2976 643 3053 (loono.
664 2973 707 3038 14,
727 2974 787 3033 21.)
810 2977 889 3028 cuins
906 2973 982 3025 tastis

144 3064 224 3116 esti).
236 3066 410 3126 Augustinus:
430 3063 502 3123 Nam,
524 3061 617 3126 inqiut
637 3061 665 3112 ln
682 3064 783 3112 tantum
796 3062 877 3110 aeon
894 3056 983 3118 dium·

144 3161 219 3213 mus,
249 3147 421 3213 inquantum
440 3148 655 3211 eluapraeoepta
676 3153 825 3268 ιιιιιιιιιιῖεἑ
855 3137 926 3188 idem
941 3138 983 3190 ia*
