2384 3759
536 343 588 399 lii

142 487 253 540 ttouem.
286 485 374 537 inmo
391 483 588 547 autumatur,
608 483 724 538 secundo
736 488 879 550 momatur,
898 486 978 540 tcrttc

142 574 303 626 exsiccatur.
340 571 369 624 st
392 571 451 636 puio
487 569 521 623 ad
542 569 737 634 suscipiendum
755 571 892 624 Dominum
910 572 979 626 teuc

141 659 258 712 muudus
276 658 336 711 ruit
352 656 419 720 deri,
439 657 522 722 primo
541 655 620 708 debet
632 667 679 720 per
691 668 786 721 aquam
804 657 979 720 lacrymarum

142 742 299 798 emundari:
330 743 489 797 Accedamus
515 743 616 808 aspersi
634 743 713 796 corda
731 736 890 797 couscientia
907 747 978 800 mala

142 835 169 885 ct
185 831 275 884 aurati
292 841 388 894 corpus
405 843 473 895 aqua
490 829 587 884 muuda
599 829 693 890 (licor.
707 825 751 894 10,
765 825 836 894 22.);
863 830 978 884 secundo

141 927 188 981 per
205 927 290 980 opera
307 916 486 978 poeniteutiae
503 917 633 982 torqueri:
661 915 761 980 castigo
779 927 873 980 corpus
889 927 978 970 mcum

140 998 173 1067 (1.
185 1004 252 1056 eor.
269 1000 295 1064 9,
308 998 384 1061 21.):
402 1003 481 1055 tertio
498 1013 547 1066 per
561 1002 693 1055 terrorem
711 1001 806 1056 amoris
823 1001 870 1054 iiei
887 1014 903 1053 a
921 1013 977 1054 car·

141 1089 243 1141 uatium
274 1087 464 1140 desideriorum
486 1089 594 1140 humore
624 1087 729 1140 siccari:
763 1087 977 1151 sanctificamini,

141 1185 199 1228 tras
217 1172 365 1226 comedetis
381 1183 482 1226 moues.
496 1169 644 1236 (Numil,
658 1170 714 1238 18.)

212 1260 332 1314 ¹tertium
344 1260 556 1324 praeparatirum
574 1261 616 1312 est
627 1259 753 1312 orationis
764 1259 883 1312 devotio:
897 1258 978 1313 ituria

141 1347 302 1411 itagdaicua
331 1349 358 1398 et
386 1344 455 1397 aiiae
482 1345 575 1398 deuote
602 1345 744 1409 portabant
760 1349 887 1410 aromata,
915 1346 978 1400 dum

140 1432 308 1498 quaerebant
338 1443 433 1497 corpus·
461 1431 570 1484 Domini.
594 1429 786 1496 (tuc.23‚1.)
827 1433 870 1486 Sic
901 1431 978 1488 uobis

140 1517 288 1571 accessuris
315 1518 348 1571 ad
367 1530 461 1581 corpus
478 1518 580 1571 Domini
596 1519 768 1582 praelibanda
786 1525 828 1573 est
853 1520 977 1574 orationis

139 1603 258 1667 devotio,
276 1608 315 1668 ut,
335 1605 404 1669 quod
421 1608 491 1658 sorte
509 1605 597 1658 minus
614 1605 699 1670 parati
723 1617 822 1670 sumus,
849 1617 897 1669 per
909 1604 977 1669 iciu-

139 1691 215 1744 uium
234 1694 262 1742 ct
287 1691 465 1744 consessiones
488 1692 612 1757 suppleat
628 1691 804 1755 spiritualium
831 1694 977 1744 aromatum

141 1776 161 1828 i.
181 1789 206 1829 e.
229 1777 384 1830 >orationum
406 1776 519 1831 oblatio.
568 1778 663 1842 iiugoo
690 1791 750 1842 pars
776 1777 880 1842 populi,
909 1789 977 1843 quae

141 1862 310 1916 sauctidcata
328 1876 381 1916 uon
399 1865 494 1928 dierat,
514 1865 666 1918 comederat
683 1866 767 1918 Pirasc
784 1869 812 1919 et
828 1866 913 1918 oravit
930 1875 977 1929 pro

140 1949 181 2001 eis
198 1961 248 2002 rex
266 1951 390 2004 Ezechias
407 1950 511 2004 diceus:
539 1951 664 2004 Dominus
689 1951 773 2004 bonus
795 1951 978 2015 propitiabitur

140 2035 254 2100 cunctis,
282 2037 327 2102 qui
354 2037 382 2089 iu
400 2039 455 2092 toto
474 2037 554 2090 corde
570 2038 709 2102 requirunt
735 2050 795 2090 eum
813 2041 841 2090 et
858 2049 910 2090 nou
929 2038 976 2090 im·

140 2122 246 2187 putauit
275 2123 323 2187 eis,
354 2124 423 2188 quod
451 2120 538 2189 miuus
567 2123 722 2177 sanctificati
746 2127 816 2176 sunt.
847 2124 896 2184 (11.
907 2125 973 2177 Pur.

140 2207 186 2273 td,
196 2207 256 2271 18.)
291 2211 371 2274 itum:
400 2211 531 2275 Quamuis,
559 2211 605 2275 qui
634 2212 742 2275 peccato
764 2209 915 2264 mordeatur
931 2222 980 2286 rog
1028 2273 1030 2278 Ι

141 2297 220 2359 uiuit,
239 2296 366 2360 peccandi
384 2300 473 2355 tamen
491 2297 646 2349 decaetero
672 2308 724 2349 uon
743 2297 840 2348 haheat
855 2296 976 2348 voluuta-

141 2387 207 2446 tcm‚
225 2381 372 2434 satisfaciat
390 2382 510 2445 iacrymis
529 2385 556 2435 et
567 2382 730 2436 orationihus
748 2387 776 2435 et
793 2367 931 2435 confidens
943 2382 977 2436 de

140 2467 246 2521 domiui
262 2468 431 2522 miseratione
448 2469 557 2523 accedat
574 2469 608 2520 ad
625 2469 814 2522 Eucharistiam
832 2469 976 2532 intrepidus

141 2559 170 2608 et
186 2565 304 2607 securus.
323 2583 357 2592 -
375 2556 510 2608 secundus
527 2555 620 2608 modus
646 2558 751 2608 nostrae
768 2555 977 2620 praeparationis

142 2640 327 2694 consideratur
344 2642 372 2694 iu
390 2642 476 2694 hostia
494 2643 577 2706 ponis.
615 2642 689 2694 Sicut
707 2640 776 2692 enim
795 2653 903 2704 monum
923 2641 977 2694 iru-

141 2727 227 2779 menti
245 2732 301 2780 arte
320 2729 434 2780 humana
451 2728 580 2792 gradatim
597 2727 701 2793 produit
719 2729 751 2782 ad
769 2730 845 2794 panis
863 2729 976 2790 compie-

140 2817 270 2876 mcutum,
302 2814 340 2866 sic
367 2815 455 2866 anima
481 2815 614 2878 peccatrix
641 2814 726 2879 gratia
744 2817 789 2868 Dei
815 2812 916 2878 proiicit
943 2811 977 2863 ud

141 2897 242 2952 bouum
259 2903 366 2964 statum,
384 2900 412 2951 iu
430 2913 481 2964 quo
499 2901 610 2954 iioedtor
626 2887 742 2964 suscipit
755 2913 848 2964 corpus
867 2899 977 2952 domiui·

141 2997 211 3038 cum.
253 2985 352 3047 druna,
382 2999 415 3038 ex
439 2986 532 3052 quibus
558 2985 589 3038 iit
608 2987 719 3054 hostia,
747 2985 854 3049 signant
880 2986 977 3053 statum

141 3072 289 3137 peccatorio
316 3075 422 3136 propter
448 3074 506 3126 tria.
544 3074 610 3125 sunt
636 3072 707 3124 enim
735 3069 800 3122 dura
823 3073 851 3122 et
877 3069 977 3122 nurture

141 3162 236 3223 opertu
256 3162 283 3211 et
298 3156 332 3210 ab
352 3157 465 3211 invicem
486 3158 625 3221 distinctu;
643 3157 682 3210 sic
700 3159 822 3219 peccator
839 3155 920 3207 durus
938 3161 980 3208 ost
