2384 3759
544 355 596 412 219

76 565 79 572 Ι
152 497 186 550 ad
212 497 264 551 lnoc
282 495 434 560 specialiter
451 497 608 549 consecratis
636 502 663 550 et
679 511 753 551 sacra
774 499 903 563 religione
923 513 984 554 con·

151 583 250 638 strictis
267 587 294 636 ct
311 584 436 637 uirtutum
454 585 648 648 pulchritudine
661 587 832 640 excellentius
844 599 985 651 praeorna-

152 672 195 724 tis.
225 670 291 723 ilinc
308 670 405 734 triplici
424 670 480 722 vasi
493 671 577 724 electo
593 676 778 735 comparantur
796 673 822 723 in
841 674 984 736 scripturis,

151 770 189 812 sc.
211 756 289 810 altari
307 761 459 810 consecrato
477 758 571 818 (licut
587 754 631 820 12,
646 754 704 820 274
716 759 767 812 lic.
781 755 828 822 30,
841 753 909 820 iu),
931 771 986 812 cra·

152 849 228 898 tcrae
245 844 342 908 ligatae
360 842 422 909 (Ec.
437 841 480 908 24,
495 841 535 908 6.;
555 844 631 900 Eccl.
647 840 673 908 6,
688 840 756 908 25),
779 856 860 898 aureo
878 845 985 909 scypho,

153 929 246 995 (Eccl.
261 927 306 993 50,
320 927 361 991 3.)

224 1017 344 1070 Secunda
360 1017 427 1069 ratio
440 1017 592 1070 estvitancli
604 1017 749 1080 periculum
763 1016 895 1070 emisiouis
909 1028 985 1081 prop·

152 1110 195 1158 ter
213 1103 418 1167 multitudinem,
438 1115 546 1167 quaese
559 1104 628 1156 circo
642 1105 724 1158 altare
736 1103 891 1166 comprimit.
921 1104 985 1155 ilinc

152 1194 205 1254 est,
226 1189 294 1256 quod
312 1191 435 1242 Dominus
454 1190 480 1241 in
499 1201 581 1242 coena
599 1190 723 1254 apostolis
735 1191 824 1255 paucis
843 1181 916 1244 et'u't
931 1190 985 1242 suis

153 1275 336 1329 sacerdotibus
353 1287 408 1327 non
426 1275 510 1328 solum
528 1286 622 1339 corpus
640 1276 668 1328 in
685 1277 773 1340 specie
790 1277 877 1342 panis,
895 1278 941 1329 secl
960 1279 987 1329 et

153 1364 312 1427 sanguinem
338 1361 366 1415 in
384 1363 472 1426 specie
491 1362 544 1416 uini
563 1362 643 1416 dedit.
674 1364 834 1418 Multitudini
853 1364 985 1418 hominum

152 1450 183 1500 in
204 1449 306 1502 ‹lcserto
325 1461 419 1513 panem
438 1447 495 1501 sine
513 1453 576 1514 potu
594 1449 734 1502 distribuit.

225 1536 311 1588 Tertia
322 1537 392 1588 ratio
404 1539 445 1588 est
456 1537 490 1588 acl
503 1534 710 1599 praecaventium
724 1537 817 1590 erroris
830 1537 984 1600 periculum.

152 1624 181 1674 Si
201 1622 272 1674 enim
291 1624 403 1686 populus
420 1622 493 1675 mdis
511 1622 642 1685 acciperet
660 1621 813 1684 sanguinem
832 1623 880 1674 sub
898 1623 986 1685 specie

152 1709 220 1772 vini,
246 1707 292 1760 vir
310 1707 428 1760 crederet
454 1709 530 1760 illum
557 1719 615 1760 esse
642 1708 690 1760 solu
708 1708 798 1771 specie
816 1708 906 1770 panis,
927 1719 986 1759 cum

152 1799 244 1848 tamen
262 1794 391 1847 veraciter
406 1795 440 1846 sil
458 1793 507 1845 sub
519 1796 629 1858 utraque
647 1793 742 1856 specie.
773 1793 836 1846 Nam
854 1793 921 1844 sicut
938 1791 987 1844 sub

153 1882 244 1947 specie
262 1881 317 1934 vini
336 1881 479 1933 consecrati
493 1879 589 1932 christi
607 1881 647 1932 e'st
665 1879 772 1944 sanguis
791 1891 837 1942 per
855 1879 987 1931 transsub-

153 1967 359 2030 stantiationem,
388 1966 425 2019 ita
452 1965 488 2018 ibl
515 1968 556 2017 est
573 1979 667 2031 corpus
685 1979 732 2032 per
750 1965 941 2030 annexionem3
960 1969 988 2018 et

152 2055 223 2107 sicut
239 2053 288 2105 sub
306 2052 394 2116 specie
412 2051 487 2115 panis
506 2055 547 2105 est
564 2065 658 2117 corpus
677 2054 771 2106 curisti
791 2065 837 2116 per
855 2050 987 2104 transsub-

153 2141 365 2202 stantiationem,
394 2138 431 2192 ita
457 2138 494 2190 ibi
521 2141 562 2191 est
587 2140 695 2204 sanguis
722 2139 778 2203 elus
796 2137 924 2192 veraciter
941 2149 989 2201 per

154 2229 340 2282 annexlouem.
377 2226 424 2280 lllc
441 2227 512 2279 enim
531 2226 581 2278 cluo
604 2238 696 2289 corpus
715 2223 808 2278 curisti
827 2227 853 2276 et
870 2221 987 2286 sanguis,

154 2317 208 2369 imo
227 2313 301 2380 {llaec
319 2319 438 2379 quatuor,
467 2324 570 2377 corpus,
599 2312 716 2376 sangnis,
747 2311 834 2362 anima
857 2319 883 2362 et
905 2310 988 2362 deitas

150 2404 208 2468 jam
227 2402 296 2454 ultra
314 2412 367 2452 non
385 2403 494 2464 possunt
511 2399 637 2463 separari.
675 2398 748 2452 Unde
765 2398 833 2450 sicut
850 2398 929 2449 sumit
946 2409 989 2449 sa-

155 2488 248 2543 cerdos
266 2487 420 2550 sanguinem
432 2487 527 2540 curisti
545 2485 772 2538 sacramentaliter
790 2483 821 2536 cle
840 2484 930 2546 calice,
950 2483 989 2535 sic

155 2575 269 2640 populus
287 2574 367 2626 sumit
385 2585 445 2626 eum
463 2573 678 2625 intellectualiter
696 2571 743 2624 sub
756 2571 843 2636 specie
861 2571 936 2636 panis
955 2571 988 2622 tle

155 2661 215 2728 ipso
232 2670 342 2726 corpore
354 2659 449 2713 curisti
467 2663 495 2710 el
511 2662 552 2710 est
571 2659 609 2710 eis
627 2663 679 2711 tam
697 2657 771 2710 utilis
789 2661 885 2710 ettam
904 2655 988 2708 dulcis

156 2753 186 2802 ut
203 2746 390 2810 sacerdotibus,
421 2747 465 2812 poi
482 2751 589 2799 sumunt
619 2757 679 2798 eum
705 2745 753 2799 sub
776 2745 863 2810 specle
882 2743 937 2798 vini
956 2742 988 2794 tle

157 2833 248 2887 calice.

497 3023 650 3039 ...ια-ηιμ·-
