2384 3759
626 373 661 428 10

403 585 445 638 Ile
461 581 626 638 maurentio
644 580 686 636 ad
699 581 879 644 superiores.
944 627 949 632 .

298 683 324 737 2.
345 687 397 740 seul
422 697 485 738 veru
513 685 663 738 obedientis
690 683 723 734 ml
741 681 853 736 vinarius
872 682 935 734 lesu
953 681 1063 745 curisti,

227 773 329 828 seilicet
346 773 477 835 praelatus
495 775 544 831 est,
563 781 622 822 eum
640 769 770 830 subditus,
789 768 858 832 qunrl
876 767 927 818 silli
946 767 1065 820 maxime
1110 752 1111 765 ¹

227 859 386 912 eontrarium
405 862 454 918 est,
468 855 581 909 lilellter
594 861 621 908 et
631 846 744 908 libenter
755 854 908 917 exequitur:
928 863 1065 917 uunquam

227 944 399 998 menifestum
416 943 500 1007 signu,
520 941 600 994 verbu
618 942 661 992 vel
679 942 766 1003 lecto,
795 939 863 1003 quel
888 938 938 990 sill
956 941 1064 990 centru-

226 1031 295 1083 rinm
326 1029 361 1082 sit
389 1030 565 1092 praeceptum.
604 1027 655 1078 sel
686 1027 722 1078 lui
752 1037 814 1078 uere
840 1024 992 1076 obedientie
1011 1035 1066 1075 nou

228 1117 316 1178 petest
341 1111 485 1176 perpendi,
517 1111 562 1163 ubi
592 1111 713 1164 subditus
730 1117 899 1175 praeceptum
917 1111 1064 1174 excogitet,

167 1267 168 1270 Ἴ
228 1201 346 1261 etopus,
368 1197 435 1261 quud
454 1197 504 1249 silui
523 1197 660 1260 placuerit,
678 1199 735 1261 ipse
749 1199 839 1260 dictet,
859 1198 962 1250 dicente
971 1198 1001 1248 li.
1014 1200 1066 1249 lu·

228 1283 349 1347 guetino:
374 1281 491 1344 (lptlmus
510 1282 630 1335 minister
647 1285 707 1334 tuus
725 1285 782 1345 est,
801 1282 926 1343 nemine,
945 1282 991 1346 pul
1010 1293 1066 1333 unu
1110 1318 1111 1321 η

228 1369 314 1432 magis
334 1368 450 1419 intuetur
478 1369 526 1420 unc
546 1381 560 1419 u
579 1371 605 1420 te
624 1368 732 1432 andire,
761 1369 828 1433 quur
858 1368 915 1431 ipse
932 1368 1063 1431 noluerim

228 1453 276 1506 seu
294 1453 380 1516 potius
398 1453 448 1506 ineu
467 1455 546 1517 velle,
567 1455 634 1518 qnod
654 1467 669 1506 u
687 1459 713 1506 te
731 1452 854 1506 audierit.
1110 1462 1111 1465 ’

298 1538 379 1591 Verus
408 1537 532 1591 ebulliens
561 1551 694 1604 uuuqnnm
724 1544 892 1604 praeceptum
915 1540 1065 1602 exspectet,

228 1624 276 1676 seu
294 1625 380 1676 solnm
399 1626 561 1692 voluntatem
581 1625 695 1679 Praeleti
712 1625 799 1679 sciens
821 1626 864 1677 uel
882 1625 994 1677 eredens
1014 1625 1067 1677 ier·
1110 1674 1111 1679 ,

228 1714 323 1764 venter
340 1711 477 1776 exequitur
494 1723 540 1774 pru
558 1716 708 1779 prueeeplu,
728 1709 963 1773 exemplnllnmiui
982 1710 1065 1762 nostri

228 1797 291 1850 lesu
310 1797 414 1860 curisti,
433 1797 475 1849 eui
494 1799 617 1850 voluntas
635 1802 662 1849 et
679 1795 868 1859 complementis
890 1795 975 1848 Putris
993 1805 1067 1848 snm·

229 1893 301 1934 urum
320 1883 471 1935 mundatum
490 1885 548 1937 luit.

299 1968 380 2022 verus
410 1968 534 2021 obediens
564 1979 695 2032 nunqnam
725 1969 758 2019 te
781 1966 858 2019 nelis
876 1967 931 2018 suls
948 1965 1064 2028 ordinet,

229 2063 279 2104 uec
296 2053 440 2106 seeundum
459 2065 563 2106 sensum
582 2064 658 2106 sunm
673 2053 792 2116 iudicet,
821 2063 872 2104 nee
888 2053 1013 2116 cuiquem
1033 2051 1066 2104 ele

230 2139 308 2192 neuls
326 2141 381 2191 suls
398 2151 503 2193 sensnm
522 2151 599 2192 suum
617 2139 724 2200 inritent,
745 2151 804 2192 eum
821 2151 870 2191 nee
884 2139 954 2191 uelle
967 2138 1067 2191 nubent

229 2235 280 2275 uer
297 2225 383 2286 nnlle;
402 2224 448 2277 seli
467 2237 571 2278 emnem
590 2226 781 2278 urdiuutiunem
804 2226 874 2277 eires
891 2235 919 2276 se
938 2223 1066 2286 simpliei-

230 2316 272 2363 ler
289 2314 316 2361 et
333 2321 423 2361 secure
442 2311 494 2363 lleo
513 2313 655 2376 committit
671 2313 844 2364 et-l’ruelutu.

300 2395 380 2446 Verus
407 2395 532 2448 obediens
556 2410 610 2450 unu
627 2397 769 2460 uiseemlt,
798 2402 884 2449 utrum
902 2395 1000 2447 bunum
1022 2397 1064 2449 vel

229 2480 347 2542 melum,
376 2481 444 2534 sient
461 2481 589 2536 iuuenem
616 2496 668 2536 nun
687 2482 828 2544 discrevit,
861 2484 947 2534 utrum
967 2481 1064 2535 bunum

230 2565 274 2616 vel
286 2566 384 2618 mulum
398 2571 475 2628 esset,
496 2568 615 2622 occidere
625 2569 707 2622 tilium
720 2574 806 2631 suum‚‘
826 2568 934 2620 llumiuu
942 2567 1063 2629 lubente.

230 2651 283 2704 nee
313 2650 438 2704 discernit
467 2653 535 2706 inter
563 2655 660 2706 lunum
682 2661 709 2706 et
725 2655 836 2715 melius;
868 2663 929 2704 uum
959 2665 1066 2716 semper

229 2737 355 2801 optimum
374 2751 432 2791 esse
447 2738 561 2802 iudicet,
578 2741 659 2792 etium
678 2741 705 2792 iu
723 2739 820 2799 lubio,
852 2737 920 2802 uuutl
938 2736 1063 2802 julleium

229 2822 281 2874 utel
310 2823 449 2876 mnulteste
479 2828 633 2888 appeteret,
665 2825 782 2888 iniquum
812 2835 871 2876 esse
899 2822 1061 2900 mandatum.

229 2910 300 2962 lune
317 2921 430 2974 numque
447 2909 590 2962 seeundum
608 2911 637 2963 li.
658 2910 772 2974 Gregorii
792 2908 949 2971 eonsilium,
978 2909 1066 2961 seien-

229 2993 293 3052 ‹lnm
312 2998 360 3056 est,
380 2995 448 3059 quel
465 3005 597 3059 nuuuunnr
616 3007 664 3058 per
680 2994 858 3047 obedientium
878 2995 976 3046 melum
993 2993 1062 3057 lieri,

230 3079 372 3143 nlluuemlo
387 3081 477 3132 nutem
496 3077 574 3130 debet
591 3090 638 3143 per
655 3079 831 3132 ebullientium
850 3081 966 3142 lenum,
994 3081 1065 3144 nunu

230 3165 334 3228 egitur,
366 3165 511 3218 intermitti.
552 3166 647 3219 lterum
677 3167 706 3219 li.
739 3165 891 3230 Gregorius:
921 3165 973 3217 seli
1003 3167 1065 3230 quie
