2384 3759
617 401 669 456 134

223 557 284 600 ortt
300 545 389 598 sotem
407 546 435 596 et
451 544 541 596 innam
558 546 586 595 et
603 543 691 596 omnia
709 547 779 596 astra
796 545 863 598 coeii
882 545 984 598 crearit
995 546 1061 598 deos

224 630 253 684 ia
279 630 454 684 ministeriam
477 630 579 684 conctis
602 630 735 694 pendam.
758 627 852 694 (Brut.
871 627 897 692 4,
922 629 979 691 19.)
1022 631 1059 685 ci.

223 719 316 772 Uettio.
328 717 354 769 5.
368 713 412 768 45.
433 721 488 770 Act
506 714 549 771 14.
571 712 615 768 16.

293 803 430 856 Secundus
442 802 538 866 pradm
550 805 600 861 est
620 801 689 864 qnod
702 801 801 854 domini
815 802 924 866 largitos
941 806 983 856 est
1002 803 1061 856 ilias

226 888 404 942 nobilissimas
421 892 555 941 creaturas
572 887 744 940 rationabiles
762 889 788 938 et
800 889 928 942 coelestes
946 901 984 941 sc.
1004 903 1061 942 san·

227 978 285 1028 ctos
312 976 422 1038 angelos
446 973 711 1026 administrandam:
740 973 831 1036 angeli
851 985 940 1026 corum
960 987 1063 1038 semper

225 1061 319 1114 videat
337 1063 430 1114 taciem
450 1060 541 1123 patris.
562 1059 675 1120 (Mattd.
693 1056 720 1121 8,
734 1056 789 1122 10.)
818 1062 909 1123 angeli
929 1061 1060 1125 dicontur,
1114 1095 1115 1100 κ

224 1147 286 1210 qnia
296 1145 609 1210 unicnioneanativitate
619 1145 695 1198 datas
704 1146 813 1208 angeles
823 1147 900 1198 estad
911 1147 1062 1200 ministran-

226 1232 297 1283 dum.
331 1231 398 1282 Hinc
417 1233 539 1293 tegantur
556 1231 704 1284 hominibus
722 1243 801 1294 saepe
820 1231 943 1296 obsequia
962 1234 1062 1298 impen-

225 1316 295 1367 disse
313 1321 341 1368 et
358 1317 459 1370 iaciunt
476 1318 601 1381 quotidie.
620 1321 770 1381 peccatores
788 1320 976 1382 convertendo,
997 1321 1062 1372 mni·

224 1407 266 1452 tos
292 1413 308 1452 a
326 1403 404 1454 maiis
422 1404 597 1464 defendendo,
611 1404 708 1466 ¹justos
736 1404 768 1456 ad
787 1406 876 1457 coelos
893 1406 1060 1459 deducendo.

226 1487 269 1539 ci.
288 1487 365 1540 Hehr.
386 1487 411 1552 1,
433 1486 474 1542 14.
494 1491 540 1542 iix.
561 1486 605 1553 23,
624 1487 667 1542 20.

295 1575 396 1628 Tertius
426 1576 522 1640 gradm
552 1582 607 1641 est,
638 1577 704 1640 onod
737 1577 847 1640 largitus
878 1580 918 1629 est
935 1577 1061 1642 scipsum.

227 1660 303 1713 Dedit
320 1665 409 1714 autem
427 1674 456 1714 se
468 1663 558 1715 maltis
577 1659 676 1714 modis:
694 1663 779 1714 Primo
798 1663 825 1714 in
843 1663 944 1716 socium
958 1669 1062 1716 nostrae

224 1748 450 1812 peregrinationis.
481 1750 590 1802 Barncia
616 1746 643 1812 3,
657 1746 715 1802 37.:
735 1750 780 1802 iiic
790 1749 869 1822 ctiam
882 1749 950 1802 Deos
965 1753 1060 1812 noster,

224 1833 268 1897 otri
287 1835 424 1888 adinvenit
441 1848 545 1888 omnem
564 1836 633 1888 viam
646 1836 803 1898 disciptinae
822 1839 853 1905 et¹
861 1835 973 1888 tradidit
990 1837 1060 1890 iiiam

224 1921 307 1974 israel
320 1923 417 1979 dilecto
434 1935 482 1974 sno
501 1927 527 1977 et
545 1927 606 1987 post
623 1925 688 1976 hoec
707 1923 733 1973 in
747 1925 815 1974 terra
829 1921 900 1974 risos
912 1928 967 1985 est;
988 1922 1059 1986 crasi

224 2006 337 2061 diceret:
369 2010 518 2071 Quiritem
537 2010 602 2062 iecit
620 2009 720 2064 homini
747 2009 803 2062 vias
831 2009 1057 2072 peregrinationis,

224 2092 291 2144 dans
308 2095 433 2148 mandata
451 2097 538 2148 bonae
556 2095 764 2150 conversationis
787 2107 821 2146 ne
839 2095 954 2158 deiciat,
983 2099 1011 2147 et
1027 2107 1058 2148 ne

223 2178 268 2230 via
295 2181 395 2234 homini
420 2183 555 2235 videretur
580 2183 668 2245 gravis
687 2181 774 2242 nimis,
808 2182 892 2233 tactos
920 2186 961 2234 est
983 2184 1057 2235 domo

225 2262 303 2323 nens.
332 2269 359 2316 ct
376 2277 423 2328 per
440 2269 490 2320 hoc
506 2267 594 2320 socius
612 2267 671 2320 viae
689 2267 922 2332 peregrinationis:
952 2269 1006 2320 iter
1022 2268 1058 2320 ia·

224 2348 311 2401 ciebat
328 2351 404 2402 iesus
422 2365 469 2416 per
486 2356 597 2408 castella
616 2358 643 2408 et
661 2354 780 2407 civitates
799 2358 847 2406 etc.
878 2353 959 2418 (Luc.
978 2353 1004 2406 a
1023 2351 1058 2415 1.)

223 2434 255 2485 at
272 2446 333 2486 vere
351 2436 481 2490 donasse
499 2441 574 2494 dedit
591 2442 618 2494 in
637 2441 733 2492 bonum
752 2441 871 2502 sociant,
896 2441 959 2504 onia
976 2440 1058 2494 socios

223 2526 283 2578 vine
302 2529 384 2580 lassos
403 2531 506 2594 optimis
517 2536 608 2588 verbis
625 2535 790 2597 confortavit,
809 2535 837 2608 in
849 2535 975 2598 periculis
994 2537 1058 2588 iide-

223 2612 299 2669 ravit.
320 2613 436 2666 indrmos
453 2621 563 2681 curavit,
582 2627 698 2676 mortuos
716 2621 861 2674 suscitavit.

292 2700 401 2762 Quartus
419 2704 516 2764 gradus
534 2711 588 2770 cst,
617 2710 685 2772 quod
704 2709 777 2760 dedit
795 2721 823 2760 se
843 2709 868 2760 io
886 2719 995 2762 servom
1013 2721 1058 2761 no·

222 2788 293 2837 strae
305 2787 485 2840 necessitatis:
515 2792 666 2848 Exinanivit
677 2796 847 2860 semetipsum
860 2795 972 2848 tonnam
990 2795 1058 2848 servi

222 2871 367 2936 accipiens3
389 2870 474 2925 (Pati.
495 2872 522 2938 2,
535 2876 573 2946 i.)
593 2879 655 2931 hinc
672 2879 793 2932 sitientes
811 2879 921 2944 potant,
941 2881 1058 2932 esurien-

224 2959 265 3008 tes
283 2956 366 3018 pavit,
386 2955 573 3021 discipolorum
590 2962 671 3024 pedes
690 2965 768 3028 lavit:
792 2967 845 3028 idgo
863 2967 890 3017 in
909 2967 997 3018 medio
1015 2979 1058 3020 ve·

219 3043 304 3092 strum
323 3051 390 3101 som,
409 3041 478 3096 sicot
495 3047 540 3108 poi
559 3049 697 3100 ministrat.
719 3051 803 3108 (Luc.-
821 3046 865 3112 22,
884 3048 942 3114 28.)
1010 3087 1012 3093 -

291 3126 399 3188 deintus
416 3129 512 3190 aradus
529 3135 578 3192 est,
599 3133 668 3195 qnod
687 3133 760 3186 dedit
785 3147 814 3187 se
839 3135 867 3187 in
886 3137 1000 3200 pretinm
1018 3150 1058 3191 rc·

219 3208 378 3273 demptionis
396 3217 514 3266 nostrm:
541 3214 621 3268 Fidius
640 3217 753 3270 hominia
770 3221 844 3274 venit
861 3220 925 3273 darc
944 3224 1057 3275 animam
