2384 3759
1102 177 1107 281 i

616 351 648 406 Vl

617 496 647 562 1.

302 615 479 682 Virtutes
506 637 604 681 nosse
626 623 659 680 et
680 612 786 680 eolere
807 611 965 678 Albertus
989 634 1056 678 nos

216 719 331 803 doeet,
362 719 439 805 quia
465 739 636 806 germanos
659 739 768 784 earum
791 715 994 783 characteres
1019 716 1056 781 in

214 822 411 890 Patriarehis
434 833 466 890 et
486 821 671 910 Prophetis,
692 821 727 885 in
746 817 879 888 Christe
902 827 935 885 et
955 819 1055 905 Apo·
1108 852 1109 943 1

217 927 329 1012 stolis,
366 926 581 1012 omnibusque
612 924 756 991 omnium
790 933 974 1010 temporum
1012 945 1055 988 ac
1108 956 1109 985 ;

215 1031 361 1098 locorum
383 1029 468 1096 veris
489 1029 556 1096 Dei
578 1029 767 1112 cultoribus,
790 1037 842 1112 et,
864 1049 938 1093 eum
959 1026 1054 1113 ipse·

216 1143 283 1202 met
297 1133 375 1200 boni
388 1133 535 1219 rectique
555 1132 720 1219 exemplar
740 1131 847 1215 fuerit,
869 1132 904 1196 in
919 1154 955 1198 se
977 1131 1054 1216 ipso

217 1259 388 1324 expressos
421 1236 557 1320 intueri,
591 1245 689 1323 etque
721 1237 849 1302 intuens
874 1233 919 1302 sd
939 1235 1054 1300 vivum

217 1339 392 1428 depingere
412 1339 523 1405 valuit.
803 1330 807 1338 ⁴
1110 1358 1111 1433 i

305 1569 452 1640 Virtutes
482 1594 591 1638 veras
624 1580 658 1638 et
683 1570 877 1658 perfectas
899 1590 996 1636 nesse
1019 1580 1053 1637 et
1111 1610 1112 1641 i

218 1672 324 1740 colere
344 1672 500 1740 Albertus
521 1697 582 1740 nos
609 1673 719 1756 doeet3
754 1696 886 1758 veras,
919 1675 996 1759 quia
1017 1674 1053 1740 in

218 1775 332 1863 quevis
354 1776 472 1844 virtute
492 1775 538 1862 id,
561 1777 653 1864 quod
669 1779 792 1845 bouum
813 1787 947 1866 apparet
968 1801 1051 1864 esse,
1112 1862 1113 1869 ἵ

217 1879 259 1944 ab
282 1889 344 1962 eo,
366 1879 456 1966 quod
477 1880 600 1947 bonum
622 1892 693 1966 est,
727 1882 804 1967 quie
825 1881 998 1966 simulacra
1019 1893 1053 1950 et

216 1981 323 2049 larvas
345 1983 500 2050 virtutum
522 2007 542 2048 a
563 1984 703 2077 genuino
718 2007 829 2052 earum
848 1985 941 2052 vultu
953 2008 1051 2052 aueu-

217 2095 287 2150 rate
309 2087 462 2166 secernit3
492 2087 701 2172 perfectus,
734 2089 898 2173 quianon
920 2098 1051 2156 eonten-

218 2195 271 2276 tus
293 2187 386 2252 initia
401 2196 433 2254 et
446 2187 547 2256 veluti
568 2189 695 2257 radices
709 2191 839 2277 pietatis
854 2191 1051 2278 exhibuisse,

218 2287 452 2376 pulcherrimos
467 2293 602 2382 insuper
611 2295 756 2382 justitiae
770 2295 965 2362 christianae
984 2296 1050 2365 true

219 2405 291 2459 etus
325 2402 358 2458 et
377 2393 482 2480 ipsam
503 2396 713 2483 perfectionis
734 2420 887 2464 eoronam
899 2397 951 2480 ,ob
973 2420 1050 2466 ocu·

218 2495 269 2563 los
291 2496 416 2582 ponit·

307 2729 454 2800 Virtutes
486 2732 621 2800 christi
629 2757 718 2802 enus
750 2757 848 2802 nosse
877 2745 911 2801 et
947 2735 1050 2803 colere

218 2832 375 2902 Albertus
406 2859 466 2904 nos
498 2836 613 2921 docet,
650 2838 728 2923 quis
754 2860 828 2904 eum
845 2837 928 2905 *dive
949 2838 1050 2906 Paulo

219 2935 338 3008 fidem
359 2939 394 3004 in
409 2937 578 3008 Christum
601 2938 700 3027 (Cap.
716 2941 817 3028 XX)
839 2941 947 3026 docet,
970 2964 1051 3027 quse

219 3065 278 3128 per
314 3041 503 3110 charitatem
539 3051 711 3128 operatur,
749 3067 832 3128 quae
866 3067 926 3132 per
962 3067 1050 3132 spem

220 3144 353 3229 beetur,
384 3169 467 3233 quae
499 3143 560 3232 per
588 3169 687 3233 opera
708 3147 795 3214 bona
815 3147 1052 3234 conprobatur,
