2384 3759
544 394 580 449 85

135 540 261 593 claritate
278 538 370 590 vultus
388 536 464 601 quasi
481 535 550 589 radii
566 536 631 589 solis
647 534 827 603 procederent,
846 552 910 603 auos
928 540 975 593 ulli

134 626 218 678 lsrael
250 634 306 675 non
337 624 479 685 potueruut
509 622 626 685 intueri,
661 622 742 675 donau
779 625 871 678 taciem
901 639 976 679 suam

133 713 292 847 νὼῐὲᾏᾱ
314 803 430 846 amorem
457 792 604 845 solitudinis
628 804 675 845 nos
694 794 818 847 iuducere
836 795 915 848 dedet
932 808 977 849 ex-

134 884 255 945 emnium
279 879 474 932 sanctissimum
490 878 591 931 Domini
614 880 697 932 nostri
721 880 783 932 lesu
801 880 908 941 christi,
934 882 977 947 qui

85 1011 94 1023 .
135 969 201 1020 lieet
229 978 266 1035 er
292 965 392 1017 nullius
411 964 541 1018 consortio
560 976 672 1028 unquam
706 964 826 1028 inpediri
853 967 978 1028 potuita

134 1053 273 1117 spirituali
290 1051 406 1113 negotio,
425 1062 504 1113 saepe
523 1054 610 1102 tamen
623 1051 767 1103 declinavit
779 1063 794 1103 a
807 1050 883 1103 turba
901 1064 977 1115 proo-

134 1147 178 1193 tar
196 1150 316 1193 amorem
333 1137 494 1199 solitudinis,
514 1142 540 1189 et
553 1138 775 1202 quandoquecum
794 1139 906 1202 amplius
924 1150 977 1191 non

133 1228 242 1292 notuit,
273 1237 289 1275 a
307 1223 449 1275 carissimis
467 1223 598 1285 noostolis
624 1224 678 1275 suis
696 1224 729 1275 nd
747 1225 873 1278 orandum
892 1238 978 1279 seces·

136 1314 182 1375 sit,
201 1315 332 1376 qnantum
347 1309 435 1371 ineius
452 1309 557 1371 lanitiis,
577 1312 607 1361 ut
624 1310 821 1363 sannttlmas:
841 1309 897 1373 (22.
918 1308 976 1373 41.)

137 1408 186 1461 ner
203 1399 255 1448 noa
273 1395 394 1457 innuens,
414 1394 482 1459 quod
501 1396 580 1447 etiarn
598 1396 648 1448 viri
666 1398 750 1449 saneti
763 1398 790 1449 in
808 1398 978 1450 multitudine

138 1482 311 1535 familiariter
327 1482 381 1533 Deo
398 1493 492 1533 vacare
510 1494 562 1533 non
574 1484 696 1545 possunt:
718 1484 912 1546 antudinam,
932 1486 978 1535 aut

138 1570 242 1621 nullam
262 1568 374 1631 gratiam
391 1567 525 1619 efficacem
541 1568 612 1619 inter
632 1568 751 1621 homines
773 1572 975 1633 consequuntur.

138 1654 206 1707 llius
234 1656 294 1715 est,
323 1654 392 1716 duod
417 1654 550 1728 Zachaeus
574 1653 709 1706 Dominum
733 1652 820 1707 testam
847 1655 873 1705 iu
902 1655 978 1706 turta

139 1740 234 1792 ridere
253 1743 439 1803 nannenten
468 1740 516 1791 sed
545 1740 710 1803 postmodum
737 1739 802 1791 vidit
820 1741 923 1803 insum,
952 1740 980 1791 et

139 1838 234 1879 vocem
254 1826 399 1878 salvatoris
422 1826 541 1889 audivit,
570 1826 674 1890 quando
700 1826 772 1878 solus
795 1824 913 1876 arborem
937 1836 979 1875 as·

138 1910 241 1963 cendit

211 1994 250 2048 nd
269 1994 340 2046 idem
357 2007 405 2047 nos
423 1994 548 2047 inducere
566 1996 644 2049 debet
655 1994 926 2058 utilitas'solitudinis,
946 1995 979 2047 de

137 2094 192 2147 qua
211 2080 338 2133 Dominus
356 2078 501 2143 desponsa
520 2080 598 2133 dielt:
619 2083 716 2135 lineam
739 2094 796 2136 eam
815 2082 842 2133 iu
861 2080 979 2133 solitudi-

137 2178 221 2229 nem,
251 2168 280 2217 et
304 2166 397 2230 loquar
417 2166 452 2217 ad
470 2178 515 2218 eor
532 2166 596 2231 ejus.
618 2169 692 2231 (dae,
717 2166 746 2237 2,
769 2164 823 2235 14.)
860 2168 878 2222 0
902 2178 979 2233 quam

136 2254 207 2307 teliu
227 2254 278 2316 est,
298 2252 342 2317 qui
355 2250 402 2305 'rel
421 2253 504 2305 semel
528 2254 602 2307 audit
619 2255 756 2307 Dominum
784 2256 853 2309 intus
872 2256 981 2319 loquen-

137 2346 203 2393 tem.
241 2338 351 2391 Locutio
368 2335 471 2391 Domini
489 2339 516 2391 in
534 2340 633 2404 eorde,
666 2344 706 2395 est
732 2342 764 2394 de
782 2340 870 2393 arduis
889 2340 981 2405 gratiis

137 2426 311 2479 securitatem
329 2425 411 2477 menti
430 2429 573 2488 praestare.

212 2510 251 2563 nd
269 2510 338 2563 idem
356 2524 404 2564 nos
422 2510 552 2569 inducere
564 2511 650 2576 debet,
670 2513 737 2578 quod
756 2515 839 2567 saneti
851 2514 981 2567 Eremitae

138 2599 205 2651 olim
224 2604 397 2651 sucurrerunt
413 2601 440 2650 et
457 2601 612 2651 amaverunt
630 2598 656 2650 in
669 2599 819 2664 solitudine,
839 2601 866 2652 in
886 2600 982 2654 monti·

140 2686 200 2748 dus,
221 2685 250 2735 in
268 2686 419 2749 speluncis,
448 2684 519 2737 etin
538 2685 659 2738 cavernis
678 2688 776 2749 terrae,
800 2690 830 2739 ut
847 2689 899 2740 lieo
918 2698 980 2741 eou-

138 2772 216 2825 tinuo
234 2782 329 2823 meare
346 2774 462 2835 nossent.
497 2771 655 2836 Quandoque
673 2772 700 2823 in
712 2772 886 2838 quadraginta
905 2773 982 2825 annis

138 2858 276 2911 nominem
296 2870 349 2909 non
366 2857 497 2924 viderunt.

211 2940 237 2995 3.
258 2946 446 3008 ,argumentum
463 2955 542 2995 verae
559 2942 710 2996 solitudinis
722 2942 810 3006 nabet,
830 2942 873 2995 oui
892 2940 981 3003 gravis

138 3044 227 3097 poena
247 3035 296 3095 est,
317 3043 374 3083 esse
392 3042 451 3084 uum
461 3030 622 3083 nominihus:
647 3036 673 3084 et
686 3032 718 3083 ab
731 3030 791 3083 allis
803 3042 831 3081 se
843 3026 980 3091 abstrahit,

140 3130 297 3182 maenianae
316 3118 450 3169 occasione
468 3119 562 3180 potest
597 3118 663 3169 licea
682 3114 803 3177 elongavi
821 3112 933 3174 rugiens,
955 3117 982 3164 et

139 3205 227 3257 mansi
241 3194 269 3256 in
280 3204 432 3285 solitudine.
445 3205 503 3262 (Pa.
517 3200 560 3265 54,
575 3198 614 3261 8.)
624 3196 802 3253 sloutllariaa
811 3194 983 3255 llagdaienaa
