2384 3759
134 479 210 533 uicis.
248 477 341 531 undet
367 478 469 530 Nescio.
504 477 672 540 innescio,
699 478 748 531 nor
774 476 872 531 neseio.
908 478 972 533 Nem

134 566 195 619 iden
213 565 264 617 tini
283 564 317 617 uo
334 564 533 628 poenitentium,
551 563 613 629 puin
625 562 723 617 neseio.
749 563 813 617 Num
826 564 849 616 st
866 564 970 627 scirem,

133 652 183 705 tini
201 650 270 704 nihil
288 650 432 714 prodesse,
459 660 513 703 non
539 650 588 702 tini
604 649 703 703 durem.
741 651 806 703 item
828 650 850 703 st
868 634 973 715 scirem,

133 738 182 791 tini
199 736 345 801 prodesse,
370 746 425 788 uon
452 734 680 799 testimonum,
709 746 762 789 non
788 740 815 789 te
838 739 972 791 urrerem.

133 825 207 877 nune
225 834 271 875 res
288 827 360 886 suut,
380 826 426 875 eut
444 822 588 885 ignoscitur
605 820 663 886 tini,
683 826 799 875 autnon
817 822 970 886 ignoscitur.

133 909 202 972 Quiri
220 909 317 961 trorum
334 906 384 959 tini
402 908 518 959 intutum
535 906 589 969 sit,
615 908 712 960 nescio.
746 908 812 971 Erro
839 911 900 961 tene
917 918 973 961 eeu·

133 1000 200 1060 tum,
220 999 250 1047 et
268 994 372 1046 dimitte
396 995 534 1047 incertum.
554 1018 589 1029 -
607 993 655 1056 Qut
679 1004 768 1046 verum
792 993 884 1047 volunt
905 992 973 1045 outt-

133 1094 199 1135 nere
217 1080 419 1144 poenitentium,
438 1083 550 1143 oportet,
570 1080 641 1144 quoi
653 1082 808 1133 convertunt
825 1079 894 1133 vires
911 1088 974 1131 suns

133 1168 167 1221 uu
184 1178 269 1230 opero
286 1164 443 1229 spiritualis,
458 1166 535 1229 juxte
553 1164 735 1239 iiludflisriue:
756 1165 804 1228 Qui
821 1169 929 1229 sperent
945 1164 973 1217 in

131 1253 256 1315 Domino,
274 1250 414 1303 mutabunt
430 1251 621 1314 tortitudinem,
641 1254 775 1303 assument
785 1262 887 1316 pennus
905 1252 974 1305 sieut

132 1338 258 1403 rupitne:
280 1340 410 1399 eurrent,
439 1340 470 1389 et
483 1349 537 1390 non
554 1335 723 1389 luborabunt:
745 1336 925 1402 ambutabunt,
946 1342 974 1391 et
1087 1400 1098 1419 ι

132 1436 188 1477 non
206 1422 350 1487 deiicient3
370 1424 453 1483 (leot.
471 1419 525 1486 40,
544 1418 603 1483 31.)
630 1425 677 1485 ιι,
708 1424 753 1487 qui
779 1427 840 1476 unte
867 1424 973 1477 ruerunt

132 1511 218 1563 tontes
236 1508 272 1561 ud
290 1508 395 1560 latiores
411 1510 576 1573 corporales,
601 1512 693 1573 postea
714 1508 768 1563 sint
785 1510 865 1563 tortos
883 1509 915 1562 ud
934 1512 973 1563 ie-

133 1596 214 1649 bores
232 1594 393 1657 spirituales.
832 1576 837 1585 '

204 1678 233 1733 5.
254 1682 441 1742 Argumentum
459 1678 623 1733 diffidentiae
641 1680 731 1744 nubet,
751 1682 795 1745 qui
807 1680 973 1743 vilipendens

135 1767 251 1832 gruum
277 1765 449 1819 redemtionis
471 1766 499 1819 in
522 1768 637 1829 percutis
654 1767 768 1819 scienter
784 1766 863 1829 jacet.
900 1765 973 1818 Unde

135 1856 163 1906 in
180 1846 339 1916 Evangelio:
358 1851 469 1916 seimus,
488 1852 551 1917 uuir
568 1856 720 1917 pectentes
731 1853 799 1905 Deus
810 1863 863 1904 non
881 1850 968 1905 audit:

134 1941 183 1993 seui
201 1937 286 2003 siquis
303 1938 349 1990 [tei
376 1939 462 1991 enitor
487 1942 546 1999 est,
573 1940 601 1990 et
627 1938 791 1991 voluntatem
818 1935 873 1999 elus
900 1935 973 1998 inuit,

134 2029 206 2081 iruue
222 2024 341 2078 exaudit.
369 2022 466 2087 (loon.
486 2020 512 2088 9,
522 2020 580 2085 31.)
612 2025 643 2076 iit
659 2024 686 2075 iu
703 2024 825 2076 Psalmo:
849 2016 974 2085 (65,18.)

134 2112 306 2177 iniquitaten
324 2110 346 2161 si
364 2110 455 2174 aspexi
473 2110 502 2161 in
519 2109 598 2162 rotie
616 2120 692 2174 meo,
712 2120 766 2162 non
784 2106 909 2160 exaudiet
925 2106 974 2159 uo·

134 2200 234 2253 minus.
271 2197 303 2249 lit
320 2195 415 2249 ispius:
436 2192 493 2259 (59,
512 2192 553 2257 2.)
588 2194 742 2261 iniquitates
760 2198 865 2247 vestroe
877 2192 974 2246 diuise·

135 2289 197 2339 runt
215 2282 287 2334 inter
308 2292 356 2334 rus
382 2284 411 2333 et
432 2282 514 2334 Deunr
540 2284 670 2334 uestrum:
699 2284 726 2336 et
751 2282 860 2343 percute
886 2283 974 2333 vestre

135 2368 333 2424 noseonierunt
349 2368 444 2420 testem
462 2367 518 2431 ejus
537 2380 553 2419 u
570 2366 656 2419 uobis.

207 2454 234 2508 6.
271 2456 459 2517 Argumentum
485 2454 570 2505 tuisse
600 2450 774 2505 confluentino
802 2452 899 2515 nubet,
928 2450 973 2515 qut

136 2540 402 2607 putrtjustisstnun
419 2540 500 2592 Deum
522 2539 551 2591 in
574 2541 675 2591 tuntum
699 2537 769 2591 vinci
795 2536 974 2591 misericordie

137 2632 164 2681 et
182 2628 302 2693 pietate,
332 2629 363 2678 ut
379 2629 434 2678 tum
451 2626 552 2689 bonos,
579 2636 658 2691 unam
676 2626 759 2678 mulos
782 2628 869 2679 solvet
886 2626 913 2679 in
931 2623 974 2677 die

134 2713 239 2778 tunicii,
258 2712 360 2777 eouutm
378 2722 427 2775 pro
443 2709 563 2763 omnibus
580 2715 700 2765 mortuus
722 2714 772 2765 est.
806 2712 901 2765 contro
925 2712 975 2763 hoe

137 2798 205 2853 uiuit
221 2798 360 2852 Dominus:
379 2797 459 2850 inunt
475 2796 503 2850 ni
521 2797 549 2848 in
567 2797 727 2861 supplicium
746 2801 894 2860 ueternum
910 2794 975 2859 lusti

138 2891 230 2939 nutem
247 2884 276 2937 in
293 2885 376 2937 vitum
394 2888 539 2937 ueternum.
559 2884 674 2945 (Mutii.
694 2882 738 2947 25,
756 2879 816 2944 46.)

210 2974 399 3035 manentum
417 2970 501 3023 tuisne
518 2968 692 3023 confluentiae
710 2966 802 3030 nubet,
827 2967 871 3031 qui
889 2964 972 3027 putat,

138 3059 307 3125 peecatorem
326 3054 567 3121 prinrnurotinn
584 3054 727 3121 promereri
754 3064 843 3116 posse,
872 3048 975 3115 quando

139 3144 192 3197 sitii
210 3143 307 3208 pireet.
784 3215 822 3266 7*
