2384 3759
607 350 644 406 Ἠ

209 489 298 551 babet,
317 491 345 540 et
362 500 429 552 onae
447 488 496 554 insi
514 495 577 542 sunt
594 491 704 553 liliclia;
721 491 860 544 sedetiam
872 492 1041 555 uitatsnoatc
1106 510 1109 555 i

210 582 238 630 et
264 586 328 638 nure
356 579 462 638 crucier
478 577 560 628 benna
579 576 766 635 delectabilia.
797 589 865 641 anae
886 578 986 640 nabet,
1016 580 1043 630 et
1106 605 1109 622 ι

209 673 278 730 qnae
307 659 404 714 babere
433 665 538 726 potest,
569 661 664 727 quibus
694 663 767 716 licite
792 667 821 716 ci
844 664 979 716 merione
1004 664 1042 716 uia·
1100 698 1104 709 .

187 741 314 811 'possen
345 747 402 799 slve
420 759 480 802 cara
497 749 568 809 sint,
599 748 658 801 sire
677 748 759 809 vilia,
789 749 847 800 siae
863 748 1040 802 delectabilia.
1108 778 1110 811 ς

210 832 273 886 iiam
300 833 323 884 si
342 833 400 898 quis
422 834 483 897 plus
501 833 677 886 delectaretur
694 834 722 886 in
739 834 877 896 cultibus,
908 845 988 898 nuam
1015 834 1043 886 in
1108 862 1110 883 i

209 917 375 982 perdicibus,
407 919 433 970 in
464 930 545 982 aona,
577 931 654 983 quana
673 920 700 972 in
718 919 793 982 viuo;
824 919 958 980 accendor
973 923 1044 970 asset

208 1004 262 1058 lieo
281 1017 296 1057 a
313 1005 440 1067 uultibus,
460 1016 537 1068 quam
557 1016 572 1056 a
590 1003 753 1067 necdicibm,
772 1004 807 1055 ab
824 1015 909 1068 aona,
928 1015 1044 1068 nnuma

209 1091 271 1144 vinu
301 1089 440 1143 abstinere.
470 1091 537 1142 llicit
571 1091 643 1142 eninr
671 1090 701 1144 n.
728 1089 899 1152 anulinus:
929 1089 1044 1142 Deliciae

209 1175 351 1240 quaelibet,
370 1175 393 1226 sl
412 1174 510 1240 abanim
529 1175 660 1229 desiderio
678 1179 825 1237 sumantur,
844 1186 895 1227 non
913 1174 1043 1228 οωοίυιιι

209 1263 241 1316 lit
258 1261 309 1314 cibi
328 1261 403 1324 viles,
423 1261 616 1315 delectabiliter
633 1262 675 1316 uel
693 1265 849 1326 appetenter
865 1260 967 1324 acceoil
983 1273 1044 1325 nea·

210 1347 295 1401 fectae
321 1347 496 1400 abstinentiae
526 1348 677 1412 impediunt
693 1348 826 1400 virtutem.
862 1345 945 1398 liavid
971 1347 1045 1398 eninr

210 1443 304 1498 aquam
321 1433 391 1484 male
409 1433 571 1498 concupitam
590 1432 701 1493 eilndit,
719 1443 798 1495 cuam
825 1443 877 1483 non
896 1430 947 1482 luit
963 1444 1045 1484 ausus

209 1519 318 1581 potare,
346 1517 407 1581 qula
434 1529 492 1570 eam
511 1519 626 1570 maxime
642 1518 818 1581 concupierat.
851 1517 919 1569 illias
936 1528 1044 1571 carnem

209 1612 263 1655 non
280 1602 455 1666 concupitam,
475 1603 521 1655 sed
540 1616 555 1654 a
574 1605 627 1656 lieo
645 1615 693 1666 ner
709 1614 814 1656 curnam
829 1602 939 1654 missam
957 1614 1045 1656 coruc-

210 1686 256 1740 dii.
285 1689 338 1742 linc
356 1693 466 1741 testatur
483 1689 560 1746 Esaia
580 1689 625 1753 qul
643 1697 696 1741 rmn
713 1694 821 1752 oronim
837 1689 976 1751 gallinam,
996 1688 1046 1740 sed

209 1779 316 1838 procur
325 1775 477 1828 lenticulam
487 1775 716 1838 irrecuperabilem
726 1773 934 1826 benedictionem
947 1773 1044 1826 ambit

209 1862 262 1928 Nec
290 1862 373 1914 solum
406 1861 592 1914 abstinendum
611 1867 651 1913 est
668 1873 684 1912 a
703 1859 902 1912 delectabilibus
918 1861 1045 1924 cornuria,

208 1949 256 2002 aad
283 1949 362 2004 etiarn
381 1947 413 2000 ab
433 1948 501 2010 eis,
515 1959 583 2012 quae
601 1947 736 2000 delectent
753 1948 880 2006 animam:
908 1945 1047 1998 sciliceta

209 2034 388 2096 vanitatibus,
419 2032 527 2087 alanis
545 2032 703 2097 colloquiis,
734 2045 750 2084 a
776 2033 871 2095 aaudio
894 2030 1045 2096 temporali,

209 2131 226 2170 a
242 2125 349 2184 peccato
369 2120 479 2185 mortali,
499 2124 526 2172 et
544 2119 578 2172 ab
597 2119 712 2172 amicitia
730 2118 839 2172 carnali.
870 2118 941 2170 ilaec
964 2116 1047 2170 absti-

209 2203 300 2256 nentia
312 2204 405 2256 melior
418 2210 467 2267 esi,
486 2206 654 2270 atoneetiarn
672 2204 840 2266 laudabilior,
858 2215 936 2268 qnam
949 2203 1046 2265 armat
1112 2194 1113 2205 ’

279 2285 304 2340 3.
324 2289 459 2342 inductiva
487 2302 566 2344 verae
584 2289 760 2343 abstinentiae
776 2293 839 2341 sunt
855 2289 917 2340 duo.
947 2287 1045 2348 Unum,

210 2374 278 2439 quod
305 2386 438 2438 nunqnam
466 2388 524 2428 cum
550 2376 639 2430 debita
657 2375 817 2439 gratitudine
831 2373 906 2449 'dona
922 2372 969 2426 liei
986 2384 1049 2436 ncr-

210 2459 335 2522 cepimus,
356 2463 383 2512 et
400 2471 533 2526 nunquam
551 2463 584 2514 ad
603 2462 722 2515 debitum
739 2459 828 2522 duem,
848 2471 934 2524 neque
950 2471 1049 2512 secun·

210 2543 272 2598 duna
300 2545 489 2598 ordinationem
516 2547 634 2600 divinam
665 2547 704 2598 eis
730 2546 857 2606 lenimur,
889 2550 917 2598 et
943 2556 978 2596 er
995 2546 1049 2596 laoc

211 2640 318 2693 gravem
336 2631 382 2682 bel
401 2631 464 2684 iram
484 2631 648 2686 incurrimus.
684 2635 800 2686 Alterum
827 2636 884 2693 est,
913 2631 982 2696 qnod
1012 2631 1049 2684 de

208 2715 331 2768 omnibus
351 2715 425 2768 donis
444 2719 572 2781 perceptis
591 2719 708 2770 strictam
727 2718 853 2770 rationem
871 2716 982 2770 reddere
1000 2716 1050 2768 dc·

209 2800 319 2865 bemus,
351 2814 401 2865 nno
431 2803 534 2856 scilicet
562 2803 616 2856 dne
643 2806 701 2867 insa
717 2804 904 2865 sumserimus,
936 2802 981 2856 vei
999 2813 1051 2865 nro

210 2890 298 2942 nostra
317 2887 484 2948 necessitate,
504 2889 546 2940 vel
566 2901 613 2952 nro
630 2890 761 2943 communi
773 2889 897 2942 utilitate,
917 2889 1051 2952 ionibus

208 2979 298 3028 autern
316 2973 425 3038 quisque
444 2973 566 3035 abstinet,
586 2973 619 3026 de
637 2973 691 3026 iliis
708 2975 818 3027 reddere
844 2973 973 3027 rationem
991 2984 1052 3026 non

209 3063 320 3125 eportet

280 3147 382 3210 buclex
400 3149 489 3198 autem
508 3129 609 3196 utilitas
627 3144 745 3209 seqnitur
761 3144 966 3209 abstinentiam,
996 3146 1054 3198 sci·
